%chapter 1


@book{apollonius_dyscolus_constructione_1910,
	title = {De constructione libri quattuor},
	shorttitle = {Ap. {Dysc}. {Synt}.},
	author = {{Apollonius Dyscolus}},
	year = {1910},
	note = {Rec. Gustavus Uhlig. GG Pars II, vol. 2},
	keywords = {primary}
}

@incollection{apollonius_dyscolus_pronomine_1878,
	title = {De pronomine},
	volume = {1.1},
	shorttitle = {Ap. {Dysc}. {Pron}.},
	author = {{Apollonius Dyscolus}},
	editor = {Schneiderus, Richardus},
	year = {1878},
	note = {Apollonii Dyscoli Scripta minora. GG Pars II},
	pages = {3--116},
	keywords = {primary}
}

@book{aristotle_posterior_1960,
	address = {London; Cambridge, Mass.},
	title = {Posterior {Analytics}. {Topica}.},
	shorttitle = {Arist. {Post}. {Anal}.},
	publisher = {Harvard University Press},
	author = {{Aristotle}},
	translator = {Tredennick, Hugh and Forster, Edward S.},
	year = {1960},
	keywords = {primary}
}

@book{aristoteles_topica_1958,
	address = {Oxonii},
	title = {Topica et sophistici elenchi},
	shorttitle = {Arist. {Soph}. {El}.},
	publisher = {Oxford University Press},
	author = {{Aristoteles}},
	year = {1958},
	note = {Rec. William D. Ross},
	keywords = {primary}
}

@book{clemens_scotus_ars_1928,
	address = {Lipsiae},
	title = {Ars grammatica},
	shorttitle = {Clem. {Ars}},
	publisher = {Dieterich},
	author = {{Clemens Scotus}},
	year = {1928},
	note = {Primum ed. Ioannes Tolkiehn (Philologus, Supplementband 20/3)},
	keywords = {primary}
}

@incollection{dionisius_halicarnaseus_opuscula_nodate,
	address = {Lipsiae},
	title = {Opuscula},
	volume = {5},
	shorttitle = {Dion. {Halic}.},
	booktitle = {Dionysii {Halicarnasei} {Quae} extant},
	publisher = {Teubneri},
	author = {{Dionisius Halicarnaseus}},
	editor = {Usener, Hermannus and Radermacher, Ludovicus},
	year = {1899--1924},
	keywords = {primary}
}

@incollection{epicurus_epistola_1887,
	address = {Lipsiae},
	title = {Epistola prima: {Ad} {Herodotum} “{De} rerum natura”},
	shorttitle = {Epic. Herod.},
	booktitle = {Epicurea},
	publisher = {Teubner},
	author = {{Epicurus}},
	editor = {Usener, Hermannus},
	year = {1887},
	pages = {1--32},
	keywords = {primary}
}

@book{hilgard_grammatici_1878,
	address = {Lipsiae},
	title = {Grammatici graeci},
	shorttitle = {{GG}},
	publisher = {Teubner},
	editor = {Hilgard, Alfred and Schneider, R. and Uhlig, G.},
	year = {1878},
	keywords = {primary}
}

@book{keil_grammatici_1855,
	address = {Lipsiae},
	title = {Grammatici latini},
	volume = {I–VII},
	shorttitle = {{GL}},
	publisher = {Teubner},
	editor = {Keil, Heinrich},
	year = {1855},
	keywords = {primary}
}

@book{hulser_fragmente_1987,
	address = {Stuttgart, Bad Cannstatt},
	title = {Die {Fragmente} zur {Dialektik} der {Stoiker}. {Neue} {Sammlung} der {Texte} mit deutschen Übersetzung und {Kommentar}},
	volume = {I–IV},
	shorttitle = {{FDS}},
	publisher = {Frommann–Holzboog},
	editor = {Hülser, Karlheinz},
	year = {1987},
	keywords = {primary}
}

@book{philodemus__1976,
	address = {Napoli},
	series = {Ricerche sui papyri {Ercolanesi}. },
	title = {Περὶ ποιημάτων. {Tractatus} tres},
	volume = {II},
	shorttitle = {Philod. {Poem}.},
	publisher = {Giannini editore},
	author = {{Philodemus}},
	editor = {Sbordone, Franciscus},
	year = {1976},
	keywords = {primary}
}

@incollection{polibius_[de_sardis]_barbarismo_1867,
	address = {Petropoli},
	title = {De {Barbarismo} et soloecismo},
	shorttitle = {Polib. {Barb}. et sol.},
	booktitle = {Lexicon {Vindobonense}},
	publisher = {Acad. scient. Petropolitana},
	author = {{Polibius [de Sardis]}},
	editor = {Nauck, Augustus},
	year = {1867},
	pages = {280--289},
	keywords = {primary}
}

@book{noauthor_scholia_1901,
	title = {Scholia in {Dionysii} {Thracis} {Artem} {Grammaticam}},
	volume = {3},
	shorttitle = {Sch. {Dion}. {Thr}.},
	year = {1901},
	note = {Rec. A. Hilgard. GG Pars I},
	keywords = {primary}
}

@book{aujac_denys_1988,
	address = {Paris},
	title = {``{Denys} d’{Halicarnasse}'', {Opuscules} rhétoriques},
	volume = {II: Démosthène},
	publisher = {Les Belles Lettres},
	editor = {Aujac, Germaine},
	year = {1988},
	note = {Texte établi et traduit},
	keywords={secondary}
}

@book{barnes_complete_1984,
	address = {Princeton},
	series = {The revised {Oxford} translation},
	title = {The complete works of {Aristotle}},
	volume = {1},
	publisher = {Princeton University Press},
	editor = {Barnes, Jonathan},
	year = {1984},
	keywords={secondary}
}

@book{barwick_remmius_1922,
	address = {Leipzig},
	title = {Remmius {Palaemon} und die römische {Ars} grammatica},
	publisher = {Dieterich’sche Verlagsbuchhandlung, 1922 (Philologus, Suppl. 15,2)},
	author = {Barwick, Karl},
	year = {1922},
	keywords={secondary}
}

@book{barwick_probleme_1957,
	address = {Berlin},
	series = {Abhandlungen der {Sächsischen} {Akademie} der {Wissenschaften} zu {Leipzig}, {Philologisch}-{Historische} {Klasse}},
	title = {Probleme der stoischen {Sprachlehre} und {Rhetorik}},
	number = {49,3},
	publisher = {Akad.-Verl.},
	author = {Barwick, Karl},
	year = {1957},
	keywords={secondary}
}

@article{campbell_philodenus_2002,
	title = {Philodenus {On} {Poems} {Book} {One} by {Richard} {Janko}},
	volume = {172},
	journal = {Hermathena},
	author = {Campbell, Gordon},
	year = {2002},
	pages = {102--110},
	keywords={secondary}
}

@book{della_casa_il_1969,
	address = {Genova},
	title = {Il '{Dubius} {Sermo}' di {Plinio}},
	publisher = {Istituto di filologia classica e medioevale},
	author = {Della Casa, Adriana},
	year = {1969},
	keywords={secondary}
}

@article{di_benedetto_dionisio_1958,
	title = {Dionisio {Trace} e la {Techne} a lui attribuita},
	volume = {27},
	number = {3/4},
	journal = {Annali della Scuola Normale Superiore di Pisa. Lettere, Storia e filosofia, Serie II},
	author = {Di Benedetto, Vincenzo},
	year = {1958},
	pages = {69--210},
	keywords={secondary}
}

@article{di_benedetto_dionisio_1959,
	title = {Dionisio {Trace} e la {Techne} a lui attribuita},
	volume = {28},
	number = {1/2},
	journal = {Ibid},
	author = {Di Benedetto, Vincenzo},
	year = {1959},
	pages = {87--118},
	keywords={secondary}
}

@book{janko_philodemus._2000,
	address = {Oxford},
	title = {Philodemus. '{On} {Poems}'. {Book} {I}. {Ed}. with {Introd}., {Transl}. and {Commentary} by {R}. {Jankro}},
	publisher = {University Press},
	editor = {Janko, Richard},
	year = {2000},
	keywords={secondary}
}

@article{jones_polybius_1996,
	title = {Polybius of {Sardis}},
	volume = {91},
	journal = {Classical Philology},
	author = {Jones, Christopher P.},
	year = {1996},
	pages = {247--253},
	keywords={secondary}
}

@book{jonge_between_2008,
	address = {Leiden/Boston},
	title = {Between {Grammar} and {Rhetoric}: {Dionysius} of {Halicarnassus} on {Language}, {Linguistics} and {Literature}},
	publisher = {Brill},
	author = {Jonge, Casper de},
	year = {2008},
	keywords = {Dionysius, Criticism and interpretation, Rhetoric, Ancient, Greek language, Grammar, secondary}
}

@book{lallot_apollonius_1997,
	address = {Paris},
	title = {'{Apollonius} {Dyscole}'. {De} la construction (syntaxe)},
	volume = {21I (introd., texte et trad.)},
	publisher = {J. Vrin},
	editor = {Lallot, Jean},
	year = {1997},
	keywords={secondary}
}

@incollection{basset_ptota_2007,
	address = {Leuven/Paris/Dudley, Mass.},
	series = {Orbis / {Supplementa}},
	title = {Αptota an monoptota?},
	number = { 27},
	booktitle = {Bilinguisme et terminologie grammaticale gréco-latine},
	publisher = {Peeters},
	author = {Mazhuga, Vladimir},
	editor = {Basset, Louis and Biville, Frederique and Colombat, Bernard},
	year = {2007},
	keywords = {Greek language, Grammar Terminology, Congresses, Latin language, Grammar Terminology, Congresses, Greek language, Influence on Latin, Congresses},
	pages = {271--283},
	keywords={secondary}
}

@incollection{mazhuga_uber_2011,
	address = {Amsterdam/Philadelphia},
	title = {Über die {Bezeichnung} des {Indikativs} bei den römischen {Grammatikern} des 1. und 2. {Jh}.},
	booktitle = {History of {Linguistics} 2008. {Selected} papers from the eleventh {International} {Conference} on the {History} of the {Language} {Sciences}},
	publisher = {Benjamins},
	author = {Mazhuga, Vladimir},
	editor = {Hassler, Gerda},
	year = {2011},
	pages = {93--108},
	keywords={secondary}
}

@book{munzer_beitrage_1897,
	address = {Berlin},
	title = {Beiträge zur {Quellenkritik} der {Naturgeschichte} des {Plinius}},
	publisher = {Weidmann},
	author = {Münzer, Friedrich},
	year = {1897},
	keywords={secondary}
}

@article{vitale_per_1982,
	title = {Per una terminologia grammaticale: parepomena – accidentia},
	volume = {5},
	journal = {Studi e Ricerche dell'Istituto di Latino (Facoltà di Magistero, Università di Genova)},
	author = {Vitale, Maria Teresa},
	year = {1982},
	pages = {199--222},
	keywords={secondary}
}
%chapter 2

@article{anderson_ergative_1968,
	title = {Ergative and nominative in {English}},
	volume = {4},
	doi = {10.1017/S0022226700001626},
	number = {1},
	journal = {Journal of Linguistics},
	author = {Anderson, John M.},
	year = {1968},
	pages = {1--32}
}

@book{anderson_grammar_1971,
	address = {Cambridge [Eng.]},
	series = {Cambridge studies in linguistics},
	title = {The {Grammar} of {Case}. {Towards} a {Localistic} {Theory}},
	isbn = {9780521080354},
	shorttitle = {The grammar of case},
	number = {4},
	publisher = {University Press},
	author = {Anderson, John M.},
	year = {1971},
	keywords = {Grammar, Comparative and general, Syntax, Grammar, Comparative and general, Case}
}

@book{anderson_essay_1973,
	address = {The Hague},
	title = {An {Essay} {Concerning} {Aspect}. {Some} {Considerations} of a {General} {Character} {Arising} from the {Abbé} {Darrigol}’s {Analysis} of the {Basque} {Verb}},
	publisher = {Mouton},
	author = {Anderson, John M.},
	year = {1973}
}

@book{anderson_case_1977,
	address = {London},
	title = {On {Case} {Grammar}. {Prolegomena} to a {Theory} of {Grammatical} {Relations}},
	publisher = {Croom Helm},
	author = {Anderson, John M.},
	year = {1977}
}

@incollection{anderson_localism_1994,
	address = {Oxford/New York/Seoul/Tokyo},
	title = {Localism},
	volume = {4},
	booktitle = {The {Encyclopedia} of {Language} and {Linguistics}},
	publisher = {Pergamon Press},
	author = {Anderson, John M.},
	editor = {Asher, Ronald E. and Simpson, James M. Y. },
	year = {1994},
	pages = {2276--2282}
}

@incollection{bohm_investigating_2018,
	address = {Amsterdam},
	series = {Studies in Language Companion Series},
	title = {Investigating Substance-based Grammar: {The} Grammar of Semantic and Grammatical Relations. {An} Interview with {John} {M}. {Anderson}},
	number = {204},
	booktitle = {Substance-based grammar: {The} (ongoing) work of {John} {Anderson}},
	publisher = {John Benjamins},
	author = {Andor, József},
	editor = {Böhm, Roger and van der Hulst, Harry},
	year = {2018},
	doi = {10.1075/slcs.204},
	pages = {9--111}
}

@book{aristotle_physics_1957,
	address = {Cambridge, Mass.},
	title = {The Physics},
	publisher = {Loeb Classical Library, Harvard University Press},
	author = {Aristotle},
	editor = {Wicksteed , Philip H.  and Cornford, Francis M. },
	year = {1957}
}

@book{arnauld_grammaire_1969,
	address = {Paris},
	title = {Grammaire générale et raisonnée},
	publisher = {Republications Paulet},
	author = {Arnauld, Antoine and Lancelot, Claude},
	year = {1969 [1660]},
	note = {[Originally published, Paris: Pierre Le Petit, 1660.]}
}

@article{attneave_transfer_1957,
	title = {Transfer of experience with a class-schema to identification-learning of patterns and shapes.},
	volume = {54},
	doi = {10.1037/h0041231},
	number = {2},
	journal = {Journal of Experimental Psychology},
	author = {Attneave, Fred},
	year = {1957},
	pages = {81--88}
}

@book{baars_cognitive_1986,
	address = {New York},
	title = {The {Cognitive} {Revolution} in {Psychology}},
	isbn = {9780898626568},
	publisher = {The Guilford Press},
	author = {Baars, Bernard J.},
	year = {1986},
	keywords = {Cognition, Behaviorism (Psychology), Psychology, Methodology, Cognition, Psychology, trends}
}

@article{barsalou_grounded_2008,
	title = {Grounded cognition},
	volume = {59},
	doi = {10.1146/annurev.psych.59.103006.093639},
	number = {1},
	journal = {Annual Review of Psychology},
	author = {Barsalou, Lawrence W.},
	year = {2008},
	pages = {617--645}
}

@incollection{beauzee_preposition_1786,
	address = {Paris},
	series = {Tome},
	title = {Préposition},
	number = {3},
	booktitle = {Encyclopédie {Méthodique}: {Grammaire} et littérature},
	publisher = {Panckoucke},
	author = {Beauzée, Nicolas},
	year = {1786},
	pages = {200--216}
}

@book{bennett_spatial_1975,
	address = {London},
	series = {Longman linguistics library},
	number = {17},
	title = {Spatial and Temporal Uses of {English} Prepositions: {An} Essay in Stratificational Semantics},
	shorttitle = {Spatial and temporal uses of {English} prepositions},
	publisher = {Longman},
	author = {Bennett, David C.},
	year = {1975},
	keywords = {English language, Prepositions, English language, Semantics, Space and time in language}
}

@book{berlin_basic_1969,
	address = {Berkeley},
	title = {Basic Color Terms: {Their} Universality and Evolution},
	shorttitle = {Basic color terms},
	publisher = {University of California Press},
	author = {Berlin, Brent and Kay, Paul},
	year = {1969},
	keywords = {Colors, Words for, Polyglot glossaries, phrase-books, etc}
}

@article{bopp_vergleichende_1826,
	title = {Vergleichende {Zergliederung} des {Sanskrits} und der mit ihm verwandten {Sprachen}. {III}. {Demonstrativum} und {Casuszeichen}},
	journal = {Abhandlungen der Berliner Akademie, Philologisch-Historische Klasse},
	author = {Bopp, Franz},
	year = {1826},
	pages = {65--102}
}

@article{boroditsky_does_2001,
	title = {Does Language Shape Thought?: {Mandarin} and {English} Speakers' Conceptions of Time},
	volume = {43},
	doi = {10.1006/cogp.2001.0748},
	number = {1},
	journal = {Cognitive Psychology},
	author = {Boroditsky, Lera},
	year = {2001},
	pages = {1--22}
}

@article{bousfield_occurrence_1953,
	title = {The Occurrence of Clustering in the Recall of Randomly Arranged Associates},
	volume = {49},
	doi = {10.1080/00221309.1953.9710088},
	number = {2},
	journal = {The Journal of General Psychology},
	author = {Bousfield, Weshton A.},
	year = {1953},
	pages = {229--240}
}

@mastersthesis{brugman_story_1981,
	address = {Berkeley},
	title = {Story of \textit{over}},
	school = {University of California},
	author = {Brugman, Claudia},
	year = {1981}
}

@book{bursill-hall_speculative_1971,
	address = {La Haye/Paris},
	title = {Speculative grammars of the {Middle} {Ages}: {The} {Doctrine} of {Partes} {Orationis} of the {Modistae}},
	isbn = {9789027919137},
	shorttitle = {Speculative grammars of the {Middle} {Ages}},
	language = {English},
	publisher = {Mouton},
	author = {Bursill-Hall, Geoffrey L.},
	year = {1971},
	note = {OCLC: 780471367}
}

@book{cassirer_philosophie_1923,
	address = {Berlin},
	title = {Philosophie der symbolischen {Formen}. {Erster} {Teil}: {Die} {Sprache}},
	publisher = {Bruno Cassirer},
	author = {Cassirer, Ernst},
	year = {1923},
	note = {(Transl. by John Michael Krois as The Philosophy of Symbolic Forms. Volume One: Language. New Haven: Yale University Press, 1955.)}
}

@article{chafe_phonetics_1962,
	title = {Phonetics, {Semantics}, and {Language}},
	volume = {38},
	issn = {00978507},
	url = {https://www.jstor.org/stable/410669?origin=crossref},
	doi = {10.2307/410669},
	number = {4},
	urldate = {2020-04-29},
	journal = {Language},
	author = {Chafe, Wallace L.},
	year = {1962},
	pages = {335--344}
}

@book{chomsky_aspects_1965,
	address = {Cambridge, Mass.},
	series = {Special technical report of the {Research} {Laboratory} of {Electronics} of the {Massachusetts} {Institute} of {Technology}},
	title = {Aspects of the {Theory} of {Syntax}},
	publisher = {M.I.T. Press},
	author = {Chomsky, Noam},
	year = {1965},
	note = {OCLC: 247344410}
}

@incollection{moore_space_1973,
	address = {New York},
	title = {Space, Time, Semantics and the Child},
	isbn = {9780125058506},
	booktitle = {Cognitive Development and the Acquisition of Language},
	publisher = {Academic Press},
	author = {Clark, Herbert H.},
	editor = {Moore, Timothy E.},
	year = {1973},
	keywords = {Language acquisition, Cognition in children},
	pages = {27--63}
}

@book{condillac_cours_1775,
	address = {Parma},
	title = {Cours d’étude pour l’instruction du prince de {Parme}, tome premier: {Grammaire}},
	publisher = {Imprimerie Royale },
	author = {Condillac, Etienne Bonnot de},
	year = {1775}
}

@inproceedings{curtius_uber_1864,
	address = {Leipzig},
	title = {Über die localistische {Auffassung} der {Casus}},
	booktitle = {Verhandlungen der {Einundzwanzigsten} {Versammlung} {Deutscher} {Philologen} und {Schulmänner}, 30. {September}-2. {October} 1863},
	publisher = {Teubner},
	author = {Curtius, Georg},
	year = {1864},
	pages = {45--50}
}

@book{darmesteter_vie_1887,
	address = {Paris},
	title = {La vie des mots étudiée dans leurs significations},
	publisher = {Librairie Charles Delagrave},
	author = {Darmesteter, Arsène},
	year = {1887}
}

@book{darrigol_dissertation_1827,
	address = {Bayonne},
	title = {Dissertation critique et apologétique sur la langue basque},
	publisher = {Duhart-Fauvet},
	author = {Darrigol, Jean-Pierre},
	year = {1827}
}

@incollection{dascal_leibniz_1990,
	address = {Amsterdam},
	title = {Leibniz on particles. {Linguistic} form and comparatism},
	booktitle = {Leibniz, {Humboldt}, and the {Origins} of {Comparativism}. {Proceedings} of the international conference, {Rome}, 25-28 {September} 1986 },
	publisher = {John Benjamins},
	author = {Dascal, Marcelo},
	editor = {Mauro , Tullio de and Formigari, Lia},
	year = {1990},
	pages = {31--60}
}

@book{dawson_locke_2007,
	address = {Cambridge},
	title = {Locke, {Language} and {Early} {Modern} {Philosophy}},
	publisher = {Cambridge University Press},
	author = {Dawson, Hannah},
	year = {2007}
}

@article{descles_predication_1991,
	title = {La prédication opérée par les langues (ou à propos de l'interaction entre langage et perception)},
	volume = {103},
	journal = {Langages},
	author = {Desclés, Jean-Pierre},
	year = {1991},
	pages = {83--96}
}

@article{descles_interactions_1993,
	title = {Interactions entre langage, perception et action},
	volume = {1},
	issn = {1244-5460},
	url = {https://www.persee.fr/doc/flang_1244-5460_1993_num_1_1_1042},
	doi = {10.3406/flang.1993.1042},
	language = {fr},
	number = {1},
	urldate = {2020-04-29},
	journal = {Faits de langues: Motivation et iconicité },
	author = {Desclés, Jean-Pierre},
	year = {1993},
	pages = {123--127}
}

@book{despautere_sintaxis_1527,
	address = {Paris },
	title = {Sintaxis},
	publisher = {G. Davoust},
	author = {Despautère, Jean},
	year = {1527 [1509]},
	note = {original-date: 1509}
}

@book{doeleke_versuche_1814,
	address = {Leipzig},
	title = {Versuche {Philosophisch}-grammatischer {Bemerkungen}, Über die {Casus}, die {Tempora}, das {Pronomen} und das {Verbum} {Substantivum}},
	publisher = {Ambrosius Barth},
	author = {Doeleke, Wilhelm Heinrich},
	year = {1814}
}

@incollection{ekman_universals_1971,
	address = {Lincoln, Nebr.},
	title = {Universals and {Cultural} {Differences} in {Facial} {Expressions} of {Emotion}},
	booktitle = {Nebraska {Symposium} on {Motivation}},
	publisher = {University of Nebraska Press},
	author = {Ekman, Paul},
	editor = {Cole, James K. },
	year = {1971},
	pages = {207--283}
}

@book{fagard_espace_2010,
	address = {Sarrebruck},
	title = {Espace et grammaticalisation: l'évolution sémantique des prépositions dans les langues romanes},
	isbn = {9786131528484},
	shorttitle = {Espace et grammaticalisation},
	language = {French},
	publisher = {Editions Universitaires Européennes},
	author = {Fagard, Benjamin},
	year = {2010},
	note = {OCLC: 706009351}
}

@article{fillmore_toward_1966,
	title = {Toward a {Modern} {Theory} of {Case}},
	journal = {The Ohio State University Project on Linguistic Analysis, Report n°13},
	author = {Fillmore, Charles J.},
	year = {1966},
	pages = {1--24}
}

@incollection{bach_case_1968,
	address = {New York},
	title = {The {Case} for {Case}},
	isbn = {9780030689352},
	language = {English},
	booktitle = {Universals in {Linguistic} {Theory} },
	publisher = {Holt, Rinehart \& Winston},
	author = {Fillmore, Charles J.},
	editor = {Bach, Emmon and Harms, Robert Thomas},
	year = {1968},
	note = {OCLC: 464979441},
	pages = {1--88}
}

@book{formigari_language_1988,
	address = {Amsterdam/Philadelphia},
	series = {Amsterdam studies in the theory and history of linguistic science},
	title = {Language and experience in 17th {Century} {British} {Philosophy}},
	isbn = {9789027245311},
	language = {engita},
	number = {v. 48},
	publisher = {John Benjamins},
	author = {Formigari, Lia},
	year = {1988},
	keywords = {Language and languages, Philosophy History, 17th century, Empiricism, Philosophy, British, 17th century}
}

@article{fortis_image_1994,
	title = {Image mentale et représentation propositionnelle},
	volume = {19},
	issn = {0769-4113},
	url = {https://www.persee.fr/doc/intel_0769-4113_1994_num_19_2_1469},
	doi = {10.3406/intel.1994.1469},
	language = {fr},
	number = {2},
	urldate = {2020-04-29},
	journal = {Intellectica. Revue de l'Association pour la Recherche Cognitive},
	author = {Fortis, Jean-Michel},
	year = {1994},
	pages = {253--305}
}

@article{fortis_signification_1997,
	title = {Signification et format des représentations mentales: le cas des aphasies et agnosies},
	volume = {24},
	journal = {Revue Internationale de Psychopathologie},
	author = {Fortis, Jean-Michel},
	year = {1997},
	pages = {5--31}
}

@incollection{fortis_probleme_2009,
	address = {Caen},
	title = {Le problème de la polysémie des adpositions “spatiales”},
	booktitle = {Autour de la préposition},
	publisher = {Presses Universitaires de Caen},
	author = {Fortis, Jean-Michel},
	editor = {François, Jacques and Gilbert, Eric and Guimier, Claude and Krause, Maxi},
	year = {2009},
	pages = {183--193}
}

@incollection{arigne_generative_2015,
	address = {Newcastle upon Tyne},
	title = {Generative {Grammar} and {Cognitive} {Linguistics}: {On} the {Grounds} of a {Theoretical} {Split} in {American} {Linguistics}},
	isbn = {9781443883146},
	url = {http://search.ebscohost.com/login.aspx?direct=true&scope=site&db=nlebk&AN=1077481},
	language = {English},
	urldate = {2020-04-29},
	booktitle = {Metalinguistic discourses},
	publisher = {Cambridge Scholars Publishing},
	author = {Fortis, Jean-Michel},
	editor = {Arigne, Viviane and Rocq-Migette, Christiane},
	year = {2015},
	note = {OCLC: 1127403893},
	pages = {53--88}
}

@incollection{arigne_prototype_2018,
	address = {Newcastle upon Tyne},
	title = {Prototype {Theory}: {On} the {Origins} of a {Theoretical} {Patchwork} and its {Transfer} to {Linguistics}},
	isbn = {9781527506459},
	language = {eng},
	booktitle = {Theorization and representations in linguistics},
	publisher = {Cambridge Scholars Publishing},
	author = {Fortis, Jean-Michel},
	editor = {Arigne, Viviane and Rocq-Migette, Christiane},
	year = {2018},
	note = {OCLC: 1048391929},
	pages = {168--216}
}

@incollection{bohm_andersons_2018,
	address = {Amsterdam},
	series = {Studies in {Language} {Companion} {Series}},
	title = {Anderson's Case Grammar and the History of Localism},
	volume = {204},
	booktitle = {Substance-based Grammar: {The} (Ongoing) Work of {John Anderson}},
	publisher = {John Benjamins},
	author = {Fortis, Jean-Michel},
	editor = {Böhm, Roger and {van der Hulst}, Harry},
	year = {2018},
	doi = {10.1075/slcs.204},
	pages = {113--198}
}

@article{fortis_morpho-syntax_2016,
	title = {On the {Morpho}-syntax of {Path}-expressing {Constructions}: {Toward} a {Typology}},
	volume = {69},
	number = {3},
	journal = {Sprachtypologie und Universalienforschung},
	author = {Fortis, Jean-Michel and Vittrant, Alice},
	year = {2016},
	pages = {341--374}
}

@book{geeraerts_theories_2010,
	address = {Oxford},
	title = {Theories of {Lexical} {Semantics}},
	isbn = {9780198700319 9780198700302},
	publisher = {Oxford University Press},
	author = {Geeraerts, Dirk},
	year = {2010},
	note = {OCLC: ocn429750193},
	keywords = {Semantics, Methodology}
}

@article{grotefend_data_1835,
	title = {Data ad {Hartungium} de principiis at significationibus casuum epistola},
	journal = {Annales Gymnasii},
	author = {Grotefend, Friedrich August},
	year = {1835}
}

@phdthesis{gruber_studies_1965,
	address = {Massachusetts},
	type = {Dissertation},
	title = {Studies in {Lexical} {Relations}},
	school = {MIT Working Papers in Linguistics},
	author = {Gruber, Jeffrey S.},
	year = {1965}
}

@article{gruber_look_1967,
	title = {Look and {See}},
	volume = {43},
	issn = {00978507},
	url = {https://www.jstor.org/stable/411974?origin=crossref},
	doi = {10.2307/411974},
	number = {4},
	urldate = {2020-04-29},
	journal = {Language},
	author = {Gruber, Jeffrey S.},
	year = {1967},
	pages = {937--947}
}

@book{harris_hermes_1773,
	address = {Dublin},
	title = {Hermes or a {Philosophical} {Inquiry} {Concerning} {Universal} {Grammar}},
	publisher = {James Williams},
	author = {Harris, James},
	year = {1773 [1751]},
	note = {OCLC: 721343334
original-date: 1751}
}

@book{harris_linguistic_1993,
	address = {Oxford},
	title = {The {Linguistic} {Wars}},
	publisher = {Oxford University Press},
	author = {Harris, Randy Allen},
	year = {1993}
}

@book{heine_cognitive_1997,
	address = {Oxford},
	title = {Cognitive {Foundations} of {Grammar}},
	publisher = {Oxford University Press},
	author = {Heine, Bernd},
	year = {1997},
	keywords = {Cognitive grammar}
}

@book{hjelmslev_categorie_1935,
	address = {Copenhaque },
	title = {La catégorie des cas},
	publisher = {Universitetsforlager I Aarhus},
	author = {Hjelmslev, Louis},
	month = jul,
	year = {1935-1937},
	note = {(Repr in La catégorie des cas. Munich: Wilhelm Fink Verlag, 1972.)}
}

@article{hockett_two_1954,
	title = {Two {Models} of {Grammatical} {Description}},
	volume = {10},
	issn = {0043-7956, 2373-5112},
	url = {http://www.tandfonline.com/doi/full/10.1080/00437956.1954.11659524},
	doi = {10.1080/00437956.1954.11659524},
	language = {en},
	number = {2-3},
	urldate = {2020-04-29},
	journal = {Word},
	author = {Hockett, Charles F.},
	year = {1954},
	pages = {210--231}
}

@article{holt_imagery:_1964,
	title = {Imagery: {The} {Return} of the {Ostracised}},
	volume = {19},
	issn = {1935-990X, 0003-066X},
	shorttitle = {Imagery},
	url = {http://doi.apa.org/getdoi.cfm?doi=10.1037/h0046316},
	doi = {10.1037/h0046316},
	language = {en},
	number = {4},
	urldate = {2020-04-29},
	journal = {American Psychologist},
	author = {Holt, Robert R.},
	year = {1964},
	pages = {254--266}
}

@book{holzweissig_wahrheit_1877,
	address = {Leipzig},
	title = {Wahrheit und {Irrthum} der {Localistischen} {Casustheorie}},
	publisher = {Teubner},
	author = {Holzweissig, Friedrich W.},
	year = {1877}
}

@incollection{honeck_historical_1980,
	address = {Hillsdale, N.J},
	title = {Historical {Notes} on {Figurative} {Language}},
	isbn = {9780898590470},
	booktitle = {Cognition and {Figurative} {Language}},
	publisher = {Lawrence Erlbaum },
	author = {Honeck, Richard P.},
	editor = {Honeck, Richard P. and Hoffman, Robert R.},
	year = {1980},
	keywords = {Psycholinguistics, Cognition, Figures of speech},
	pages = {25--46}
}

@book{huck_ideology_1995,
	address = {London},
	series = {History of linguistic thought},
	title = {Ideology and {Linguistic} {Theory}: {Noam} {Chomsky} and the {Deep} {Structure} {Debate}},
	isbn = {9780415117357},
	shorttitle = {Ideology and linguistic theory},
	publisher = {Routledge},
	author = {Huck, Geoffrey J. and Goldsmith, John A.},
	year = {1995},
	keywords = {Chomsky, Noam, Generative grammar, Semantics}
}

@book{hymes_american_1981,
	address = {The Hague},
	series = {Janua linguarum},
	title = {American {Structuralism}},
	isbn = {9789027932280 9789027934284},
	number = {102},
	publisher = {Mouton},
	author = {Hymes, Dell H. and Fought, John G.},
	year = {1981},
	keywords = {Structural linguistics, History, Linguistics, Research History, United States}
}

@phdthesis{jackendoff_rules_1969,
	type = {{PhD} dissertation},
	title = {Some {Rules} of {Semantic} {Interpretation} for {English}},
	school = {M.I.T.},
	author = {Jackendoff, Ray S.},
	year = {1969}
}

@book{jackendoff_semantic_1972,
	address = {Cambridge, Mass.},
	title = {Semantic {Interpretation} in {Generative} {Grammar}},
	publisher = {M.I.T. Press},
	author = {Jackendoff, Ray S.},
	year = {1972},
	keywords = {Semantics, Generative grammar}
}

@article{jackendoff_toward_1976,
	title = {Toward an {Explanatory} {Semantic} {Representation}},
	volume = {7},
	number = {1},
	journal = {Linguistic Inquiry },
	author = {Jackendoff, Ray S.},
	year = {1976},
	pages = {89--150}
}

@book{jackendoff_semantics_1983,
	address = {Cambridge, Mass.},
	series = {Current studies in linguistics series},
	title = {Semantics and cognition},
	isbn = {9780262100274},
	number = {8},
	publisher = {M.I.T. Press},
	author = {Jackendoff, Ray S.},
	year = {1983},
	keywords = {Semantics, Cognition, Categorization (Psychology), Meaning (Psychology)}
}

@incollection{johnson_introduction:_1981,
	address = {Minneapolis, Minn.},
	title = {Introduction: {Metaphor} in the {Philosophical} {Tradition}},
	booktitle = {Philosophical {Perspectives} on {Metaphor}},
	publisher = {The University of Minnesota Press},
	author = {Johnson, Mark},
	editor = {Johnson, Mark},
	year = {1981},
	pages = {3--47}
}

@article{karwoski_studies_1942,
	title = {Studies in {Synesthetic} {Thinking} {II}; {The} roles of {Form} in {Visual} {Responses} to {Music}},
	volume = {26},
	journal = {Journal of General Psychology},
	author = {Karwoski, Theodore F. and Odbert, Henry S. and Osgood, Charles E. },
	year = {1942},
	pages = {199--222}
}

@article{katz_mentalism_1964,
	title = {Mentalism in {Linguistics}},
	volume = {40},
	issn = {00978507},
	url = {https://www.jstor.org/stable/411571?origin=crossref},
	doi = {10.2307/411571},
	number = {2},
	urldate = {2020-04-29},
	journal = {Language},
	author = {Katz, Jerrold J.},
	year = {1964},
	pages = {124--137}
}

@article{katz_structure_1963,
	title = {The {Structure} of a {Semantic} {Theory}},
	volume = {39},
	issn = {00978507},
	url = {https://www.jstor.org/stable/411200?origin=crossref},
	doi = {10.2307/411200},
	number = {2},
	urldate = {2020-04-29},
	journal = {Language},
	author = {Katz, Jerrold J. and Fodor, Jerry A.},
	year = {1963},
	pages = {170--210}
}

@incollection{joly_physique_1977,
	address = {Villeneuve-d'Ascq},
	title = {La {Physique} d’{Aristote} et la phrase simple dans les ouvrages de grammaire spéculative},
	isbn = {9782859390662},
	booktitle = {La {Grammaire} générale, des {Modistes} aux {Ide}́ologues},
	publisher = {Publications de l'Université de Lille III},
	author = {Kelly, Louis G.},
	editor = {Joly, André and Stéfanini, Jean},
	year = {1977},
	keywords = {Grammar, Comparative and general, History, Language and languages, Philosophy, Linguistics, History},
	pages = {107--124}
}

@book{kleiber_semantique_1990,
	address = {Paris },
	title = {La sémantique du prototype},
	publisher = {Presses Universitaires de France},
	author = {Kleiber, Georges},
	year = {1990}
}

@book{kurylowicz_inflectional_1964,
	address = {Heidelberg},
	title = {The {Inflectional} {Categories} of {Indo}-{European}},
	publisher = {Carl Winter Universitätsverlag},
	author = {Kurylowicz, Jerzy},
	year = {1964}
}

@book{lakoff_metaphors_1980,
	address = {Chicago},
	title = {Metaphors we live by},
	isbn = {9780226468006},
	language = {eng},
	publisher = {University of Chicago Press},
	author = {Lakoff, George and Johnson, Mark},
	year = {1980},
	note = {OCLC: 178959609}
}

@incollection{Lakoff1976,
    author = {Lakoff, George},
    year = {1976 [1963]},
    title = {Toward Generative Semantics},
    editor = {James D. McCawley}, 
    booktitle = {Notes from the Linguistic Underground},
    series = {Syntax and Semantics},
    number = {7}, 
    pages = {43--63},
    address = {New York},
    publisher = {Academic Press}
}

@article{lamb_sememic_1964,
	title = {The {Sememic} {Approach} to {Structural} {Semantics}},
	volume = {66},
	number = {3/2},
	journal = {American Anthropologist},
	author = {Lamb, Sydney M.},
	year = {1964},
	pages = {57--78}
}

@book{lamb_outline_1966,
	address = {Georgetown},
	title = {Outline of {Stratificational} {Grammar}},
	publisher = {Georgetown University Press},
	author = {Lamb, Sydney M.},
	year = {1966}
}

@book{lancelot_nouvelle_1653,
	address = {Paris},
	title = {Nouvelle méthode pour apprendre facilement et en peu de temps la langue latine},
	publisher = {A. Vitré},
	author = {Lancelot, Claude},
	year = {1653}
}

@article{langacker_review_1973,
	title = {Review of {Anderson}: {The} grammar of case. {Towards} a localistic theory},
	volume = {9},
	number = {2},
	journal = {Journal of Linguistics},
	author = {Langacker, Ronald W.},
	year = {1973},
	pages = {319--331}
}

@inproceedings{langacker_functional_1975,
	address = {Chicago},
	title = {Functional {Stratigraphy}},
	booktitle = {Papers from the {Parasession} on {Functionalism}},
	publisher = {Chicago Linguistic Society},
	author = {Langacker, Ronald W.},
	year = {1975},
	pages = {351--397}
}

@book{Langacker1991,
    author = {Langacker, Ronald W.},
    year = {1991},
    title = {Foundations of Cognitive Grammar},
    volume = {2: {Descriptive} application},
    address ={Stanford},
    publisher = {Stanford University Press}
}

@incollection{leibniz_analysis_1986,
	address = {Darmstadt},
	series = {{VI}:4.646-67},
	title = {Analysis particularum},
	booktitle = {Sämtliche {Schriften} und {Briefe}},
	publisher = {Akademie der Wissenschaften zu Berlin},
	author = {Leibniz, Gottfried Wilhelm},
	year = {1923 [1685-1686]},
	note = {original-date: 1685-1686}
}

@incollection{leibniz_lingua_1923,
	address = {Darmstadt},
	series = {{VI}:4.881-908},
	title = {De lingua philosophica},
	booktitle = {Sämtliche {Schriften} und {Briefe}},
	publisher = {Deutsche Akademie der Wissenschaften zu Berlin},
	author = {Leibniz, Gottfried Wilhelm},
	year = {1923 [1687-1688]},
	note = {original-date: [1687-1688]}
}

@book{leibniz_nouveaux_1966,
	address = {Paris},
	title = {Nouveaux essais sur l’entendement humain},
	publisher = {Garnier Flammarion},
	author = {Leibniz, Gottfried Wilhelm},
	year = {1966 [1765]},
	note = {original-date: 1765}
}

@book{lenneberg_biological_1967,
	address = {New York},
	title = {Biological {Foundations} of {Language}},
	publisher = {John Wiley \& Sons},
	author = {Lenneberg, Eric H.},
	year = {1967}
}

@phdthesis{lindner_lexico-semantic_1981,
	address = {San Diego},
	type = {{PhD}  dissertation},
	title = {A {Lexico}-{Semantic} {Analysis} of {English} {Verb}-{Particle} {Constructions} with {UP} and {OUT}},
	school = {University of California},
	author = {Lindner, Susan J.},
	year = {1981}
}

@book{lockwood_introduction_1972,
	address = {New York},
	title = {Introduction to {Stratificational} {Linguistics}},
	isbn = {9780155462137},
	publisher = {Harcourt Brace Jovanovich},
	author = {Lockwood, David G.},
	year = {1972},
	keywords = {Stratificational grammar}
}

@article{lounsbury_semantic_1956,
	title = {A {Semantic} {Analysis} of the {Pawnee} {Kinship} {Usage}},
	volume = {32},
	issn = {00978507},
	url = {https://www.jstor.org/stable/410664?origin=crossref},
	doi = {10.2307/410664},
	number = {1},
	urldate = {2020-04-29},
	journal = {Language},
	author = {Lounsbury, Floyd G.},
	year = {1956},
	pages = {158--194}
}

@article{lyons_note_1967,
	title = {A {Note} on {Possessive}, {Existential} and {Locative} {Sentences}},
	volume = {3},
	journal = {Foundations of Language},
	author = {Lyons, John},
	year = {1967},
	pages = {390--396}
}

@book{lyons_introduction_1968,
	address = {Cambridge},
	title = {Introduction to theoretical linguistics},
	language = {eng},
	publisher = {Cambridge University Press},
	author = {Lyons, John},
	year = {1968}
}

@book{marty_logische_1910,
	address = {Halle an der Saale},
	title = {Die “logische”, “localistische” und andere {Kasustheorien}},
	publisher = {Verlag von Max Niemeyer},
	author = {Marty, Anton},
	year = {1910}
}

@book{matthews_grammatical_1993,
	address = {Cambridge, Mass.},
	series = {Cambridge studies in linguistics},
	title = {Grammatical {Theory} in the {United} {States} from {Bloomfield} to {Chomsky}},
	number = {67},
	publisher = {Cambridge University Press},
	author = {Matthews, Peter Hugoe},
	year = {1993},
	keywords = {Linguistics, History, 20th century, United States, Grammar, Comparative and general, History, 20th century}
}

@book{michelsen_philosophie_1843,
	address = {Berlin},
	title = {Philosophie der {Grammatik} unter {Steter} {Leitung} der {Geschichte} {I}. {Kasuslehre} der {Lateinischen} {Sprache} vom {Kausal}-{Lokalen} {Standpunkte} aus},
	publisher = {T. Trautwein},
	author = {Michelsen, Conrad},
	year = {1843}
}

@book{miller_language_1976,
	address = {Cambridge, Mass.},
	title = {Language and {Perception}},
	publisher = {Harvard University Press},
	author = {Miller, George A. and Johnson-Laird, Philip N.},
	year = {1976},
	keywords = {Psycholinguistics, Perception, Psycholinguistics}
}

@book{mowrer_learning_1960,
	address = {London/New York},
	title = {Learning {Theory} and {Behavior}},
	language = {en},
	publisher = {John Wiley \& Sons},
	author = {Mowrer, O. Hobart},
	year = {1960}
}

@article{murray_dissolution_1982,
	title = {The dissolution of “classical ethnoscience”},
	volume = {18},
	journal = {Journal of the History of the Behavioral Sciences},
	author = {Murray, Stephen O.},
	year = {1982},
	pages = {163--175}
}

@phdthesis{nagy_figurative_1974,
	address = {San Diego},
	type = {{PhD} dissertation},
	title = {Figurative {Patterns} and {Redundancy} in the {Lexicon}},
	school = {University of California },
	author = {Nagy, William Elmer},
	year = {1974}
}

@book{neisser_cognitive_1967,
	address = {New York},
	title = {Cognitive psychology},
	publisher = {Meredith Corporation},
	author = {Neisser, Ulric},
	year = {1967}
}

@book{newmeyer_linguistic_1986,
	address = {New York},
	edition = {2},
	title = {Linguistic {Theory} in {America}},
	publisher = {Academic Press},
	author = {Newmeyer, Frederick },
	year = {1986},
	keywords = {Generative grammar, History, Linguistics, History, United States}
}

@phdthesis{nielsen_private_2010,
	address = {Toronto},
	type = {{PhD} dissertation},
	title = {Private {Knowledge}, {Public} {Tensions}: {Theory} {Commitment} in {Postwar} {American} {Linguistics}},
	school = {University of Toronto},
	author = {Nielsen, Janet},
	year = {2010}
}

@article{nuchelmans_historical_1986,
	title = {The {Historical} {Background} to {Locke}’s {Account} of {Particles}},
	volume = {113},
	journal = {Logique et Analyse},
	author = {Nuchelmans, Gabriel},
	year = {1986},
	pages = {53--70}
}

@book{nunberg_pragmatics_1978,
	address = {Bloomington},
	title = {The {Pragmatics} of {Reference}},
	publisher = {The Indiana University Linguistics Club},
	author = {Nunberg, Geoffrey D.},
	year = {1978}
}

@article{osgood_nature_1952,
	title = {The nature and {Measurement} of {Meaning}},
	volume = {49},
	issn = {1939-1455, 0033-2909},
	url = {http://doi.apa.org/getdoi.cfm?doi=10.1037/h0055737},
	doi = {10.1037/h0055737},
	language = {en},
	number = {3},
	urldate = {2020-04-30},
	journal = {Psychological Bulletin},
	author = {Osgood, Charles E.},
	year = {1952},
	pages = {197--237}
}

@incollection{dirven_does_2001,
	address = {Amsterdam},
	series = {Language and ideology},
	title = {Does {Cognitive} {Linguistics} {Live} {Up} to its {Name}?},
	isbn = {9789027237118 9781556197307},
	language = {eng},
	number = {[papers ...at the 6th International Cognitive Linguistics Conference (ICLC 6), 1999 in Stockholm, Sweden] / ed. by René Dirven ... ; Vol. 1},
	booktitle = {Theoretical cognitive approaches. {Vol}. 1: {Theoretical} cognitive approaches},
	publisher = {John Benjamins},
	author = {Peeters, Bert},
	editor = {Dirven, René  and Hawkins, Bruce and Sandikcioglu, Esra},
	year = {2001},
	note = {OCLC: 248635916},
	pages = {83--106}
}

@book{pottier_systematique_1962,
	address = {Paris},
	title = {Systématique des éléments de relation. {Etude} de morphosyntaxe structurale romane},
	publisher = {Klincksieck},
	author = {Pottier, Bernard},
	year = {1962}
}

@incollection{putnam_minds_1960,
	address = {New York},
	title = {Minds and {Machines}},
	booktitle = {Dimensions of {Mind}},
	publisher = {New York University Press},
	author = {Putnam, Hilary},
	editor = {Hook, Sidney},
	year = {1960},
	pages = {57--80}
}

@book{rumpel_casuslehre_1845,
	address = {Halle},
	title = {Die {Casuslehre} in {Besonderer} {Beziehung} auf die {Griechische} {Sprache}},
	publisher = {Eduard Anton},
	author = {Rumpel, Theodor},
	year = {1845}
}

@article{rumpel_zur_1866,
	title = {Zur {Casustheorie}},
	journal = {Programm des Evangelischen Gymnasiums zu Gütersloh},
	author = {Rumpel, Theodor},
	year = {1866},
	pages = {1--25}
}

@article{sandra_network_1995,
	title = {Network {Analyses} of {Prepositional} {Meaning}: {Mirroring} {Whose} {Mind}—{The} {Linguist}’s or the {Language} {User}’s?},
	volume = {6},
	issn = {0936-5907, 1613-3641},
	shorttitle = {Network analyses of prepositional meaning},
	url = {https://www.degruyter.com/view/j/cogl.1995.6.issue-1/cogl.1995.6.1.89/cogl.1995.6.1.89.xml},
	doi = {10.1515/cogl.1995.6.1.89},
	language = {en},
	number = {1},
	urldate = {2020-04-30},
	journal = {Cognitive Linguistics},
	author = {Sandra, Dominiek and Rice, Sally},
	year = {1995},
	pages = {89--130}
}

@book{scaliger_causis_2018,
	address = {Genève },
	title = {De causis linguae latinae / {Des} causes de la langue latine},
	publisher = {Droz},
	author = {Scaliger, Jules-César},
	editor = {Lardet, Pierre and Clérico, Geneviève and Colombat, Bernard},
	translator = {Lardet, Pierre and Clérico, Geneviève and Colombat, Bernard},
	year = {2018 [1540]},
	note = {from the version established by Jean Stéfanini and with the coll. of Jean-Luc Chevillard
undefined: undefined}
}

@article{shepard_mental_1971,
	title = {Mental {Rotation} of {Three}-dimensional {Objects}},
	volume = {171},
	url = {https://www.sciencemag.org/lookup/doi/10.1126/science.171.3972.701},
	language = {en},
	urldate = {2020-04-30},
	journal = {Science},
	author = {Shepard, Roger N. and Metzler, Jaqueline},
	year = {1971},
	pages = {701--703}
}

@phdthesis{talmy_semantic_1972,
	address = {Berkeley},
	type = {Dissertation},
	title = {Semantic {Structures} in {English} and {Atsugewi}},
	school = {University of California},
	author = {Talmy, Leonard},
	year = {1972}
}

@incollection{kimball_semantics_1975,
	address = {New York},
	title = {Semantics and {Syntax} of {Motion}},
	volume = {4},
	isbn = {9780127854243},
	language = {eng},
	booktitle = {Syntax and semantics},
	publisher = {Academic Press},
	author = {Talmy, Leonard},
	editor = {Kimball, John P.},
	year = {1975},
	note = {OCLC: 245991685}
}

@article{traugott_spatial_1975,
	title = {Spatial {Expressions} of {Tense} and {Temporal} {Sequencing}: {A} {Contribution} to the {Study} of {Semantic} {Fields}},
	volume = {15},
	issn = {0037-1998, 1613-3692},
	url = {https://www.degruyter.com/view/j/semi.1975.15.issue-3/semi.1975.15.3.207/semi.1975.15.3.207.xml},
	doi = {10.1515/semi.1975.15.3.207},
	number = {3},
	urldate = {2020-04-30},
	journal = {Semiotica},
	author = {Traugott, Elizabeth C.},
	year = {1975},
	pages = {207--230}
}

@book{urban_language_1939,
	address = {London},
	title = {Language and {Reality}: the {Philosophy} of {Language} and the {Principles} of {Symbolism}},
	language = {English},
	publisher = {Allen \& Unwin},
	author = {Urban, Wilbur M.},
	year = {1939}
}

@book{walker_report_1978,
	address = {New York},
	title = {Report of the {State} of the {Art} {Committee} to the {Advisors} of the {Alfred} {P}. {Sloan} {Foundation}, by the {State} of the {Art} {Committee}: {Arbib}, {Michael}, {Baker}, {Carl} {Lee}, {Bresnan}, {Joan}, {D}’{Andrade}, {Roy} {G}., {Kaplan}, {Ronald}, {Keyser}, {Samuel} {Jay}, {Norman}, {Donald} {A}., {Pylyshyn}, {Zenon}, {Soames}, {Scott}, {Thompson}, {Richard} {F}. \& {Zurif}, {Edgar}},
	publisher = {Alfred P. Sloan Foundation},
	editor = {Walker, Edward},
	year = {1978}
}

@incollection{weinreich_explorations_1980,
	title = {Explorations in {Semantic} {Theory}},
	isbn = {9783110813142 9789027920485},
	language = {English},
	booktitle = {On {Semantics}},
	publisher = {University of Pennsylvania Press},
	author = {Weinreich, Uriel},
	editor = {Labov, William and Weinreich, Beatrice S.},
	collaborator = {Weinreich, Uriel},
	year = {1980 [1966]},
	note = {[Originally published in Current Trends in Linguistics 3: Theoretical Foundations ed. by Thomas A. Sebeok, 395-477. The Hague: Mouton.]},
	pages = {99--201}
}

@book{Weinreich1972,
    author = {Weinreich, Uriel},
    year = {1972},
    title = {Explorations in Semantic Theory},
    addres = {The Hague},
    publisher = {Mouton}
}

@book{Leech1969,
    author = {Leech, Geoffrey N.},
    year = {1969},
    title = {Towards a Semantic Description of {English}},
    address = {London \& Harlow},
    publisher = {Longmans, Green and Co Ltd}
}

@book{Neisser1967,
    author = {Neisser, Ulric},
    year = {1967},
    title = {Cognitive Psychology},
    address = {New York},
    publisher = {Meredith Corporation}
}

@article {BransfordFranks1971,
     author = {Bransford, John D. and Jeffrey Franks},
     year = {1971},
     title = {The Abstraction of Linguistic Ideas},
     journal =  {Cognitive Psychology},
     volume =  {2},
     pages ={331--350}
}

@article{white_methodology_1964,
	title = {The {Methodology} of {Sememic} {Analysis} with {Special} {Application} to the {English} {Preposition}},
	volume = {8},
	number = {1},
	journal = {Mechanical Translation},
	author = {White, James H.},
	year = {1964},
	pages = {15--31}
}

@book{wullner_bedeutung_1827,
	address = {Münster},
	title = {Die {Bedeutung} der {Sprachlichen} {Casus} und {Modi}},
	publisher = {Theissigsche Buchhandlung},
	author = {Wüllner, Franz},
	year = {1827}
}

@book{wundt_volkerpsychologie._1912,
	address = {Leipzig},
	edition = {3},
	title = {Völkerpsychologie. {Eine} {Untersuchung} der {Entwicklungsgesetze} von {Sprache}, {Mythos} und {Sitte}},
	volume = {2},
	number = {2},
	publisher = {Verlag von Wilhelm Engelmann},
	author = {Wundt, Wilhelm},
	year = {1912}
}

@book{bolinger_phrasal_1971,
	address = {Cambridge, MA},
	title = {The Phrasal Verb in {English}},
	publisher = {Harvard University Press},
	author = {Bolinger, Dwight},
	year = {1971},
	keywords = {English language, Verb phrase, English language, Syntax}
}

@book{chafe_meaning_1970,
	address = {Chicago},
	title = {Meaning and the {Structure} of {Language}},
	isbn = {9780226100555},
	publisher = {The University of Chicago Press},
	author = {Chafe, Wallace L.},
	year = {1970},
	keywords = {Linguistics}
}

@article{langacker_introduction_1986,
	title = {An Introduction to Cognitive Grammar},
	volume = {10},
	doi = {10.1207/s15516709cog1001_1},
	number = {1},
	journal = {Cognitive Science},
	author = {Langacker, Ronald W.},
	year = {1986},
	pages = {1--40}
}

@book{pottier_linguistique_1974,
	address = {Paris},
	series = {Initiation à la linguistique : {Se}́rie {B}, {Proble}̀mes et méthodes ; 3},
	title = {Linguistique générale. {The}́orie et description},
	isbn = {9782252017241},
	shorttitle = {Linguistique générale},
	publisher = {Klincksieck},
	author = {Pottier, Bernard},
	year = {1974},
	keywords = {Linguistics}
}

@book{wullner_uber_1831,
	address = {Münster},
	title = {Über {Ursprung} und {Urbedeutung} der {Sprachlichen} {Formen}},
	publisher = {Theissigsche Buchhandlung},
	author = {Wüllner, Franz},
	year = {1831}
}



%chapter 3

@book{alverson_semantics_1994,
	address = {Baltimore},
	title = {Semantics and {Experience}: {Universal} {Metaphors} of {Time} in {English}, {Mandarin}, {Hindi} and {Sesotho}},
	isbn = {9780801848117},
	shorttitle = {Semantics and experience},
	publisher = {Johns Hopkins University Press},
	author = {Alverson, Hoyt},
	year = {1994},
	keywords = {Space and time in language, Semantics, Language and culture, Metaphor}
}

@article{auroux_histoire_1980,
	title = {L'histoire de la linguistique},
	volume = {48},
	issn = {0023-8368},
	url = {https://www.persee.fr/doc/lfr_0023-8368_1980_num_48_1_5068},
	language = {fr},
	number = {1},
	journal = {Langue française},
	author = {Auroux, Sylvain},
	year = {1980},
	pages = {7--15}
}

@incollection{auroux_techne_1990,
	address = {Amsterdam/Philadelphia},
	title = {“{De} la ‘technê’ au calcul: {La} question de la scientificité de la grammaire.” },
	booktitle = {History and {Historiography} of {Linguistics}. {Volume} {I}: {Antiquity}-17th {Century}, {Papers} from the {Fourth} {International} {Conference} on the {History} of the {Language} {Sciences} ({ICHoLS} {IV}), {Trier}, 24-28 {August} 1987},
	publisher = {John Benjamins},
	author = {Auroux, Sylvain},
	editor = {Niederehe, Hans-Josef and Koerner, E.F.K. },
	year = {1990},
	pages = {3--17}
}

@incollection{auroux_innovation_1991,
	address = {Mauvezin},
	title = {Innovation et système scientifique : le temps verbal dans la grammaire générale},
	isbn = {9782905670311},
	booktitle = {Hommage à {Jean}-{Toussaint} {Desanti}},
	publisher = {Trans-Europ-Repress (T.E.R.)},
	author = {Auroux, Sylvain},
	editor = {Auroux, Sylvain and Desanti, Jean Toussaint},
	year = {1991},
	keywords = {Philosophy, Mathematics, Philosophy}
}

@book{arnauld_grammaire_1660,
	address = {Paris},
	title = {Grammaire générale et raisonnée. {Contenant} les fondemens de l’art de parler, expliquez d’une manière claire \& naturelle},
	publisher = {Pierre le Petit},
	author = {Arnauld, Antoine and Lancelot, Claude},
	year = {1660}
}

@misc{beauzee_tems_1765,
	title = {Tems [{Grammaire}]},
	volume = {16},
	journal = {Encyclopédie, Dictionnaire raisonné des sciences, des arts et des métiers, par une Société de Gens de lettres},
	author = {Beauzée, Nicolas},
	editor = {Diderot, Denis and D'Alambert, Jean Le Rond},
	year = {1765},
	pages = {96--117}
}

@book{beauzee_grammaire_1767,
	address = {Paris},
	title = {Grammaire générale ou {Exposition} raisonnée des éléments nécessaires du langage. {Pour} servir de fondement à l’étude de toutes les langues},
	volume = {1-2},
	publisher = {J. Barbou},
	author = {Beauzée, Nicolas},
	year = {1767}
}

@incollection{glick_einsteins_1987,
	address = {Dordrecht/Boston},
	series = {Boston {Studies} in the {Philosophy} of {Science}},
	title = {Einstein’s {Reception} in {Paris} in 1922},
	isbn = {9789027724984},
	number = {103},
	booktitle = {The {Comparative} {Reception} of {Relativity}},
	publisher = {D. Reidel},
	author = {Biezunski, Michel},
	editor = {Glick, Thomas F.},
	year = {1987},
	keywords = {Einstein, Albert, Influence Congresses, Relativity (Physics), Congresses, Science, Philosophy Congresses, Europe, Intellectual life Congresses, 20th century, United States, Intellectual life Congresses, 20th century}
}

@book{bod_making_2014,
	address = {Amsterdam},
	title = {The {Making} of the {Humanities}: {The} {Modern} {Humanities}},
	volume = {3},
	publisher = {Amsterdam University Press},
	editor = {Bod, Rens and Maat, Jaap and Weststeijn, Thijs},
	year = {2014},
	keywords = {Humanities, Congresses, Humanities, Comparative method, Congresses, Humanities, Research, Congresses}
}

@book{boone_dictionnaire_1996,
	address = {Paris/Montréal},
	series = {Sémantiques},
	title = {Dictionnaire terminologique de la systématique du langage},
	isbn = {9782738441041},
	publisher = {L'Harmattan},
	author = {Boone, Annie and Joly, André},
	year = {1996},
	keywords = {Linguistics, Dictionaries French}
}

@article{bottineau_terminologie_2006,
	title = {Terminologie, terminographie et métalangue guillaumienne : problèmes actuels},
	volume = {7},
	issn = {1623-6742, 2271-2852},
	shorttitle = {Terminologie, terminographie et métalangue guillaumienne},
	url = {http://www.cairn.info/revue-syntaxe-et-semantique-2006-1-page-39.htm},
	doi = {10.3917/ss.007.0039},
	language = {fr},
	urldate = {2020-05-03},
	journal = {Syntaxe et sémantique. La terminologie linguistique. Problèmes épistémologiques, conceptuels et traductionnels},
	author = {Bottineau, Didier},
	year = {2006},
	pages = {39--56}
}

@article{casasanto_time_2008,
	title = {Time in the mind: {Using} space to think about time},
	volume = {106},
	doi = {10.1016/j.cognition.2007.03.004},
	number = {2},
	journal = {Cognition},
	author = {Casasanto, Daniel and Boroditsky, Lera},
	year = {2008},
	pages = {579--593}
}

@article{chalozin-dovrat_grammar_2019,
	title = {Grammar as science: {Beauzée}’s theory of tense and the metaphysics of time},
	volume = {4},
	shorttitle = {Grammar as {Science}},
	doi = {10.1086/701987},
	number = {1},
	journal = {History of Humanities},
	author = {Chalozin-Dovrat, Lin},
	year = {2019},
	pages = {79--102}
}

@article{chalozin-dovrat_history_2019,
	title = {The history of {SPACE} between science and ordinary language: {What} can words tell us about conceptual change?},
	volume = {27},
	number = {2},
	journal = {Perspectives on Science},
	author = {Chalozin-Dovrat, Lin},
	year = {2019},
	pages = {244--277}
}

@article{clark_acquisition_1971,
	title = {On the Acquisition of the Meaning of `Before' and `After'},
	volume = {10},
	doi = {10.1016/S0022-5371(71)80054-3},
	journal = {Journal of Verbal Learning and Verbal Behavior},
	author = {Clark, Eve V.},
	year = {1971},
	pages = {266--275}
}

@incollection{moore_space_1973,
	address = {New York/London},
	title = {Space, time, semantics and the child},
	booktitle = {Cognitive Development and the Acquisition of Language},
	publisher = {Academic Press},
	author = {Clark, Herbert H.},
	editor = {Moore, Timothy E.},
	year = {1973},
	keywords = {Language acquisition, Cognition in children},
	pages = {27--63}
}

@book{colombat_histoire_2010,
	address = {Paris},
	series = {50 questions},
	title = {Histoire des idées sur le langage et les langues},
	publisher = {Klincksieck},
	editor = {Colombat, Bernard and Fournier, Jean-Marie and Puech, Christian},
	year = {2010},
	note = {OCLC: ocn603567935},
	keywords = {Linguistics, History, Language and languages, Study and teaching History, Language and languages, Philosophy}
}

@misc{dalembert_systeme_1751,
	title = {Système figuré des connoissances humaines},
	volume = {1},
	journal = {Encyclopédie, Dictionnaire raisonné des sciences, des arts et des métiers, par une Société de Gens de lettres},
	author = {D'Alembert, Jean and Diderot, Denis},
	editor = {D'Alembert, Jean and Diderot, Denis},
	year = {1751}
}

@book{dumarsais_tropes_1730,
	address = {Paris},
	title = {Des {Tropes} ou des differens sens dans lesquels on peut prendre un mème mot dans une mème langue},
	publisher = {Jean-Baptiste Brocas},
	author = {Dumarsais, César Chesneau},
	year = {1730}
}

@book{Lakoff1987,
     author = {Lakoff, George},
     year = {1987},
     title = {Women, Fire and Dangerous Things: {What} Categories Reveal about the Mind},
     address = {Chicago},
     publisher = {University of Chicago Press}
 }

@incollection{bohm_andersons_2018,
	address = {Amsterdam},
	series = {Studies in {Language} {Companion} {Series}},
	title = {Anderson’s case grammar and the history of localism},
	volume = {204},
	isbn = {9789027201652},
	url = {https://benjamins.com/catalog/slcs.204},
	language = {en},
	urldate = {2020-05-03},
	booktitle = {Substance-based {Grammar} – {The} ({Ongoing}) {Work} of {John} {Anderson}},
	publisher = {John Benjamins},
	author = {Fortis, Jean-Michel},
	editor = {Böhm, Roger and van der Hulst, Harry},
	year = {2018},
	doi = {10.1075/slcs.204},
	pages = {113--198}
}

@book{fournier_histoire_2013,
	address = {Lyon},
	series = {Collection {Langages}. {Se}́rie {Histoire} des réflexions sur le langage et les langues},
	title = {Histoire des théories du temps dans les grammaires françaises},
	isbn = {9782847883114},
	publisher = {ENS Éditions},
	author = {Fournier, Jean-Marie},
	year = {2013},
	keywords = {French language, Tense, French language, Grammar}
}

@book{gamaches_astronomie_1740,
	address = {Paris},
	title = {Astronomie physique, ou principes généraux de la nature},
	publisher = {Jombert},
	author = {Gamaches, Étienne Simon de},
	year = {1740}
}

@book{guillaume_temps_1965,
	address = {Paris},
	title = {Temps et verbe: théorie des aspects, des modes et des temps},
	publisher = {Champion},
	author = {Guillaume, Gustave},
	year = {1965 [1929]},
	note = {original-date: 1929}
}

@book{guillaume_larchitectonique_1965,
	address = {Paris},
	title = {L’architectonique du temps dans les langues classiques},
	publisher = {Champion},
	author = {Guillaume, Gustave},
	year = {1965 [1945]},
	note = {original-date: 1945}
}

@book{harris_hermes:_1751,
	address = {London},
	title = {Hermes: {Or}, a {Philosophical} {Inquiry} {Concerning} {Language} and {Universal} {Grammar} },
	publisher = {H. Woodfall},
	author = {Harris, James},
	year = {1751}
}

@book{haspelmath_space_1997,
	address = {München/Newcastle},
	title = {From {Space} to {Time}: {Temporal} {Adverbials} in the {World}'s {Languages}},
	publisher = {Lincom Europa},
	author = {Haspelmath, Martin},
	year = {1997}
}

@incollection{joly_problemes_1980,
	address = {Lille},
	title = {Problèmes de l’analyse du temps en psychomécanique ({Dossier} {N}° 1)},
	booktitle = {La psychomécanique et les théories de l’énonciation. {Actes} de la table ronde tenue à {Lille} les 16 et 17 mars 1979,},
	publisher = {Presses universitaires de Lille},
	author = {Joly, André and Lerouge, Marie-José},
	editor = {Joly, André},
	year = {1980},
	pages = {7--35}
}

@incollection{lakoff_contemporary_1993,
	address = {Cambrige, UK},
	edition = {2},
	title = {The {Contemporary} {Theory} of {Metaphor}},
	booktitle = {Metaphor and {Thought}},
	publisher = {Cambridge University Press},
	author = {Lakoff, George},
	editor = {Ortony, Andrew},
	year = {1993},
	pages = {202--251}
}

@book{lakoff_metaphors_1980,
	address = {Chicago},
	title = {Metaphors we live by},
	publisher = {University of Chicago Press},
	author = {Lakoff, George and Johnson, Mark},
	year = {1980}
}

@article{langacker_space_1982,
	title = {Space {Grammar}, analysability, and the {English} {Passive}},
	volume = {58},
	url = {https://www.jstor.org/stable/413531?origin=crossref},
	number = {1},
	journal = {Language},
	author = {Langacker, Ronald W.},
	year = {1982},
	pages = {22--80}
}

@book{langacker_foundations_1987,
	address = {Stanford, Calif.},
	title = {Foundations of {Cognitive} {Grammar}: {Theoretical} {Prerequisites}},
	volume = {1},
	isbn = {9780804712613 9780804719094},
	publisher = {Stanford University Press},
	author = {Langacker, Ronald W.},
	year = {1987},
	keywords = {Cognitive grammar}
}

@book{le_guern_nicolas_2009,
	address = {Paris},
	series = {Les dix-huitièmes siècles},
	title = {Nicolas {Beauzée}, grammairien philosophe},
	isbn = {9782745318657},
	language = {fre},
	number = {131},
	publisher = {Honoré Champion},
	author = {Le Guern, Michel},
	year = {2009}
}

@book{lyons_semantics_1977,
	address = {Cambridge},
	title = {Semantics},
	volume = {2},
	publisher = {Cambridge University Press},
	author = {Lyons, John},
	year = {1977},
	keywords = {Semantics, Semiotics, Grammar, Comparative and general}
}

@incollection{puech_mentalisme_1997,
	address = {Louvain-la-Neuve},
	series = {Champs linguistiques: {Manuels}},
	title = {Mentalisme et structuralisme: situation de {Gustave} {Guillaume}},
	booktitle = {Fondations de la linguistique: études d’histoire et d’épistémologie},
	publisher = {Duclot},
	author = {Puech, Christian and Savatovsky, Dan and Chiss, Jean-Louis},
	editor = {Puech, Christian},
	year = {1997},
	pages = {185--205}
}

@incollection{pick_how_1983,
	address = {New York/London},
	title = {How {Language} {Structures} {Space}},
	isbn = {9780306412554},
	booktitle = {Spatial {Orientation}: {Theory}, {Research}, and {Application}},
	publisher = {Plenum Press},
	author = {Talmy, Leonard},
	editor = {Pick, Herbert L. and Acredolo, Linda P.},
	year = {1983},
	keywords = {Orientation (Psychology), Congresses, Space perception, Congresses},
	pages = {225--282}
}

@article{traugott_spatial_1975,
	title = {Spatial expressions of tense and temporal sequencing: {A} contribution to the study of semantic fields},
	volume = {15},
	url = {https://www.degruyter.com/view/j/semi.1975.15.issue-3/semi.1975.15.3.207/semi.1975.15.3.207.xml},
	number = {3},
	journal = {Semiotica},
	author = {Traugott, Elizabeth Closs},
	year = {1975},
	pages = {207--230}
}

@incollection{valette_conceptualisation_2003,
	address = {Oslo},
	title = {Conceptualisation and evolution of concepts : {The} example of {French} linguist {Gustave} {Guillaume}},
	booktitle = {In {Academic} {Discourse}: {Multidisciplinary} {Approaches}},
	publisher = {Novus Press},
	author = {Valette, Mathieu},
	editor = {Fløttum, Kjersti and Rastier, François},
	year = {2003},
	pages = {55--74}
}

@article{valin_histoire_1982,
	title = {Histoire d’une vocation scientifique : les imprévus d’un destin},
	volume = {8},
	number = {1},
	journal = {Langues et linguistique },
	author = {Valin, Roch},
	year = {1982},
	pages = {17--43}
}


%chapter 4

\printbibheading \printbibliography[keyword=primary,heading=subbibliography,% title={Primary Sources}]

@book{billroth__lateinische_1832,
	address = {Leipzig},
	title = {Lateinische {Syntax} für die obern {Klassen} gelehrter {Schulen}},
	publisher = {Weidmann},
	author = {Billroth, Johann G. F.},
	year = {1832}
}

@book{burtt_practical_1869,
	address = {Pittsburgh},
	title = {A {practical} {grammar} of the {English} {Language}, {synthetic} and {analytic}},
	publisher = {A. H. English \& Co},
	author = {Burtt, Andrew},
	year = {1869}
}

@book{chandler__class_1862,
	address = {Zanesville},
	edition = {Revised edition},
	title = {A {Class} {Book} on {English} {Grammar} and {Analysis} },
	publisher = {W. H. Hurd},
	author = {Chandler , Z. M.},
	year = {1862}
}

@book{clark_science_1847,
	address = {New York},
	title = {Science of {English} language. {A} practical grammar: {In} which words, phrases, and sentences are classified according to their offices, and their relations to each other. {Illustrated} by a complete system of diagrams},
	publisher = {A. S. Barnes \& Co},
	author = {Clark, Stephen Watkins},
	year = {1847}
}

@book{clark_normal_1870,
	address = {New York},
	title = {The normal grammar: {Analytic} \& Synthetic. {Illustrated} by Diagrams},
	publisher = {A. S. Barnes \& Co},
	author = {Clark, Stephen Watkins},
	year = {1870}
}

@book{jewell_grammatical_1867,
	address = {New York},
	title = {Grammatical {diagrams} {defended} and {improved}, with {directions} for their {proper} {constriction} and {application}. {Accompanied} by a {comprehensive} {outline} of {classification}, and a {complete} {scheme} of {examples} for {practice}},
	publisher = {A. S. Barnes \& Co},
	author = {Jewell, Frederick S.},
	year = {1867}
}

@book{lighthall_introduction_1872,
	address = {San Jose},
	title = {An {introduction} to {analysis} and {parsing}},
	publisher = {A. Waldteufel},
	author = {Lighthall, G. E.},
	year = {1872}
}

@book{peirce_collected_1994,
	address = {Cambridge },
	title = {Collected papers of {Charles} {Sanders} {Peirce}},
	publisher = {Harvard University Press},
	author = {Peirce, Charles Sanders},
	year = {1994 [1931--1935]},
	note = {original-date: 1931-1935}
}

@book{reed_graded_1879,
	address = {New York},
	title = {Graded Lessons in {English}},
	publisher = {Clark Maynard},
	author = {Reed, Alonzo and Brainerd, Kellogg},
	year = {1879 [1876]},
	note = {original-date: 1876}
}

%chapter 4

\printbibliography[keyword=secondary,heading=subbibliography,% title={Secondary Sources}] 
@book{aarts_handbook_2006,
	address = {Malden, MA.},
	series = {Blackwell handbooks in linguistics},
	title = {The {Handbook} of {English} {Linguistics}},
	publisher = {Blackwell},
	editor = {Aarts, Bas and McMahon, April },
	year = {2006},
	keywords = {English language, Handbooks, manuals, etc, Linguistics, Handbooks, manuals, etc, English language, Grammar, Handbooks, manuals, etc}
}

@phdthesis{brittain_critical_1973,
	address = {Austin},
	type = {Doctoral dissertation},
	title = {{A} Critical History of Systems of Sentence Diagramming in {English}},
	school = {University of Texas},
	author = {Brittain, Richard Coulter},
	year = {1973}
}

@book{chauvire_oeil_2008,
	address = {Paris},
	series = {Philosophie en cours},
	title = {L'oeil mathématique. {Essai} sur la philosophie mathématique de {Peirce}},
	publisher = {Kimé},
	author = {Chauviré, Christiane},
	year = {2008},
	keywords = {Peirce, Charles S, Charles Sanders, Mathematics, Philosophy History}
}

@book{groupe__traite_1992,
	address = {Paris},
	title = {Traité du signe visuel},
	publisher = {Seuil},
	author = {{Groupe µ}},
	year = {1992}
}

@book{imrenyi_chapters_2020,
	address = {Amsterdam/Philadelphia},
	series = {Studies in language companion series ({SLCS})},
	title = {Chapters of {Dependency} {Grammar}: {A} historical survey from {Antiquity} to {Tesnie}̀re},
	number = {Volume 212},
	publisher = {John Benjamins },
	editor = {Imrényi, András and Mazziotta, Nicolas},
	year = {2020},
	keywords = {Dependency grammar, Grammar, Comparative and general, Syntax}
}

@incollection{imrenyi_how_2020,
	address = {Amsterdam/Philadelphia},
	series = {Studies in language companion series ({SLCS})},
	title = {How {dependency} {syntax} {appeared} in the {French} {Encyclopedia}: {From} {Buffier} (1709) to {Beauzée} (1765)},
	number = {volume 212},
	booktitle = {Chapters of {Dependency} {Grammar}: {A} historical survey from antiquity to {Tesnie}̀re},
	publisher = {John Benjamins},
	author = {Kahane, Sylvain},
	editor = {Imrényi, András and Mazziotta, Nicolas},
	year = {2020},
	keywords = {Dependency grammar, Grammar, Comparative and general, Syntax}
}

@inproceedings{kahane_syntactic_2015,
	title = {Syntactic polygraphs. {A} formalism extending both constituency and dependency},
	booktitle = {Proceedings of the 14th {Meeting} on the {Mathematics} of {Language} ({MoL} 2015)},
	publisher = {Association for Computational Linguistics},
	author = {Kahane, Sylvain and Mazziotta, Nicolas},
	year = {2015},
	pages = {152--164}
}

@incollection{aarts_english_2006,
	address = {Malden, Mass.},
	series = {Blackwell handbooks in linguistics},
	title = {English {grammar} {writing}},
	booktitle = {The {handbook} of {English} {linguistics}},
	publisher = {Blackwell},
	author = {Linn, Andrew},
	editor = {Aarts, Bas and McMahon, April M. S.},
	year = {2006},
	keywords = {English language, Handbooks, manuals, etc, Linguistics, Handbooks, manuals, etc, English language, Grammar, Handbooks, manuals, etc},
	pages = {72--92}
}

@article{mazziotta_drawing_2016,
	title = {Drawing Syntax before Syntactic Trees: {Stephen} {Watkins} {Clark}’s \textit{Sentence diagrams} (1847)},
	volume = {43},
	number = {3},
	journal = {Historiographia Linguistica},
	author = {Mazziotta, Nicolas},
	year = {2016},
	pages = {301--342}
}

@book{polguere_dependency_2009,
	address = {Amsterdam/Philadelphia},
	series = {Studies in language companion series},
	title = {Dependency in linguistic description},
	isbn = {9789027205780},
	number = {vol. 111},
	publisher = {John Benjamins},
	editor = {Polguère, Alain and Melʹčuk, Igor},
	year = {2009},
	keywords = {Dependency grammar, French language, Syntax, Serbian language, Syntax}
}

@incollection{polguere_dependency_2009-1,
	address = {Amsterdam/Philadelphia},
	series = {Studies in language companion series},
	title = {Dependency in natural language},
	isbn = {9789027205780},
	number = {v. 111},
	booktitle = {Dependency in linguistic description},
	publisher = {John Benjamins},
	author = {Mel’čuk, Igor},
	editor = {Polguère, Alain and Melʹčuk, Igor},
	year = {2009},
	keywords = {Dependency grammar, French language, Syntax, Serbian language, Syntax},
	pages = {1--110}
}

@phdthesis{mouret_grammaire_2007,
	address = {Paris},
	type = {{PhD} dissertation},
	title = {Grammaire des constructions coordonnées. {Coordinations} simples et coordinations à redoublement en français contemporain},
	school = {Paris 7 University },
	author = {Mouret, François},
	year = {2007}
}
 
%chapter 5

@incollection{auroux_semantique_2000,
	address = {Liège/Bruxelles},
	title = {La sémantique},
	booktitle = {Histoire des idées linguistiques 3 – {L}’hégémonie du comparatisme },
	publisher = {Pierre Mardaga},
	author = {Auroux, Sylvain and Delesalle, Simone},
	editor = {Auroux, Sylvain},
	year = {2000},
	keywords = {Linguistics, History}
}

@book{auroux_history_2001,
	address = {Berlin/New York},
	title = {History of the {Language} {Sciences} },
	volume = {2},
	publisher = {Walter de Gruyter},
	editor = {Auroux, Sylvain and Koerner, Ernst F. K.},
	year = {2001}
}

@article{baale_bulletin_1887,
	title = {Bulletin bibliographique},
	volume = {8},
	journal = {Taalstudie},
	author = {Baale, L. M.},
	year = {1887},
	pages = {277--278}
}

@article{bailly_transformation_1874,
	title = {De la transformation des sens dans les mots de la langue française},
	volume = {16},
	journal = {Mémoires de la Société d’agriculture, sciences, belles-lettres et arts d’Orléans },
	author = {Bailly, Anatole},
	year = {1874},
	pages = {43--54}
}

@book{bisconti_sens_2016,
	address = {Lyon},
	series = {Langages},
	title = {Le sens en partage: dictionnaires et théories du sens {XIXe}-{XXe} siècles},
	publisher = {ENS Éditions},
	author = {Bisconti, Valentina and De Mauro, Tullio},
	year = {2016}
}

@article{branca-rosoff_polysemie_1996,
	title = {Polysémie et lexicographie : de la langue à l'analyse du discours... },
	volume = {78},
	journal = {Langage et Société},
	author = {Branca-Rosoff, Sonia},
	year = {1996},
	pages = {113--125}
}

@book{breal_lhistoire_1887,
	address = {Paris},
	title = {L’histoire des mots},
	publisher = {C. Delagrave},
	author = {Bréal, Michel},
	year = {1887}
}

@book{breal_essai_1897,
	address = {Paris},
	title = {Essai de sémantique. {Science} des significations},
	publisher = {Hachette},
	author = {Bréal, Michel},
	year = {1897}
}

@book{bruns_polysemie_2016,
	address = {München},
	title = {Polysemie und {Homonymie} in der italienischen {Sprache}},
	publisher = {GRIN},
	author = {Bruns, Beate},
	year = {2016}
}

@book{champollion_precis_1828,
	address = {Paris},
	title = {Précis du système hiéroglyphique des anciens Égyptiens},
	publisher = {Imprimerie royale},
	author = {Champollion, Jean-François},
	year = {1828}
}

@article{coseriu_georg_1967,
	title = {Georg von der {Gabelentz} et la linguistique synchronique},
	volume = {23},
	number = {1-3},
	journal = {Word},
	author = {Coseriu, Eugenio},
	year = {1967},
	pages = {74--100}
}

@article{courbon_sur_2015,
	title = {Sur l’histoire du terme polysémie. 1: {Genèse}(s) du concept},
	volume = {35},
	journal = {Langues et linguistique },
	author = {Courbon, Bruno},
	year = {2015},
	pages = {1--23}
}

@book{darmesteter_traite_1874,
	address = {Paris},
	title = {Traité de la formation des mots composés dans la langue française},
	publisher = {Franck},
	author = {Darmesteter, Arsène},
	year = {1874}
}

@article{darmesteter_sur_1876,
	title = {Sur quelques bizarres transformations de sens dans certains mots},
	volume = {2},
	journal = {Revue philosophique de la France et de l’étranger},
	author = {Darmesteter, Arsène},
	year = {1876},
	pages = {519--522}
}

@book{darmesteter_creation_1877,
	address = {Paris},
	title = {De la création actuelle de mots nouveaux dans la langue française et des lois qui la régissent},
	publisher = {Vieweg},
	author = {Darmesteter, Arsène},
	year = {1877}
}

@book{de_palo_invention_2016,
	address = {Limoges},
	title = {L'invention de la sémantique: {Bréal} et {Saussure}},
	publisher = {Lambert-Lucas},
	author = {De Palo, Marina},
	year = {2016}
}

@incollection{delesalle_statut_1986,
	address = {Paris},
	title = {Le statut de l’homonymie avant la sémantique},
	booktitle = {Autour de {Féraud}},
	publisher = {École normale supérieure de jeunes filles},
	author = {Delesalle, Simone},
	editor = {Caron, P.},
	year = {1986},
	pages = {83--89}
}

@article{delesalle_vie_1987,
	title = {Vie des mots et science des significations : {Arsène} {Darmesteter} et {Michel} {Bréal}},
	volume = {36-37},
	journal = {DRLAV. Documentation et Recherche en Linguistique Allemande Vincennes},
	author = {Delesalle, Simone},
	year = {1987},
	pages = {265--314}
}

@book{delesalle_linguistique_1986,
	address = {Paris},
	series = {Linguistique},
	title = {La linguistique, la grammaire et l'école: 1750-1914},
	publisher = {Armand Colin},
	author = {Delesalle, Simone and Chevalier, Jean-Claude},
	year = {1986},
	keywords = {Linguistics, History, France, French language, Grammar History, Language and education, History, France}
}

@article{derradji_forme_2014,
	title = {Forme schématique et polysémie},
	volume = {35},
	journal = {Études romanes de Brno},
	author = {Derradji, Arezeki},
	year = {2014},
	pages = {59--73}
}

@book{desmet_grammaire_1995,
	address = {Leuven/Paris},
	title = {De la grammaire comparée à la sémantique},
	publisher = {Peeters},
	author = {Desmet, Piet and Swiggers, Pierre},
	year = {1995},
	keywords = {Grammar, Comparative and general, Comparative linguistics, Linguistics, Semantics}
}

@incollection{firth_technique_1957,
	address = {Oxford},
	title = {The technique of semantics},
	booktitle = {Papers in linguistics, 1934-1951},
	publisher = {Oxford University Press},
	author = {Firth, John R.},
	collaborator = {Firth, John R.},
	year = {1957 [1935]},
	note = {original-date: 1935},
	pages = {7--33}
}

@book{furetiere_dictionnaire_1701,
	address = {La Haye/Rotterdam},
	title = {Le {Dictionnaire} universel...},
	publisher = {Arnoud et Reinier},
	author = {Furetière, Antoine},
	year = {1701},
	note = {[2e édition par Henri Basnage de Bauval]},
	keywords = {French language, Dictionaries}
}

@article{girardin_polysemie_2004,
	title = {Polysémie des verbes et traitement argumental dans les dictionnaires du {XVIIe} siècle : le verbe ‘cuire’},
	volume = {5},
	journal = {Syntaxe et Sémantique},
	author = {Girardin, Chantal},
	year = {2004},
	pages = {131--142}
}

@book{halevy_recherches_1876,
	address = {Paris},
	title = {Recherches critiques sur l’origine de la civilisation babylonienne},
	publisher = {Imprimerie nationale},
	author = {Halévy, Joseph},
	year = {1876}
}

@book{halevy_melanges_1883,
	address = {Paris},
	title = {Mélanges de critique et d’histoire relatifs aux peuples sémitiques},
	publisher = {Maisonneuve},
	author = {Halévy, Joseph},
	year = {1883}
}

@inproceedings{jakimovska_terminologie_2012,
	title = {La terminologie et les relations sémantiques dans la langue du droit},
	booktitle = {Actes du 5e colloque {Les} études françaises aujourd’hui},
	publisher = {Université de Novi Sad},
	author = {Jakimovska, Svetlana},
	year = {2012},
	pages = {325--337}
}

@book{le_roux_dictionaire_1735,
	address = {Lyon},
	title = {Dictionaire comique},
	publisher = {Beringos},
	author = {Le Roux, Philibert-Joseph},
	year = {1735}
}

@book{leclerc_bibliotheque_1715,
	address = {Amsterdam},
	title = {Bibliothèque ancienne et moderne},
	publisher = {David Mortier},
	author = {Leclerc, Jean},
	year = {1715}
}

@book{lieber_oxford_2014,
	address = {Oxford},
	series = {Oxford {Handbooks} in linguistics},
	title = {The {Oxford} {Handbook} of {Derivational} {Morphology}},
	publisher = {Oxford University Press},
	editor = {Lieber, Rochelle and Štekauer, Pavol},
	year = {2014},
	keywords = {Grammar, Comparative and general, Word formation}
}

@book{littre_histoire_1863,
	address = {Paris},
	title = {Histoire de la langue française},
	publisher = {Didier},
	author = {Littré, Émile},
	year = {1863}
}

@book{littre_etudes_1880,
	address = {Paris},
	title = {Études et {Glanures} pour faire suite à l’'{Histoire} de la langue française'},
	publisher = {Didier},
	author = {Littré, Émile},
	year = {1880}
}

@book{littre_comment_1888,
	address = {Paris},
	title = {Comment les mots changent de sens},
	publisher = {Delagrave et Hachette},
	author = {Littré, Émile},
	year = {1888},
	note = {[réédition par Michel Bréal de Littré 1880]}
}

@phdthesis{mazaleyrat_vers_2010,
	address = {Clermont-Ferrand (France)},
	type = {Thèse de doctorat en sciences du langage},
	title = {Vers une approche linguistico-cognitive de la polysémie},
	school = {Université Blaise Pascal},
	author = {Mazaleyrat, Hélène},
	year = {2010}
}

@article{meyer_arsene_1888,
	title = {Arsène {Darmesteter}},
	volume = {26},
	journal = {Revue critique d’histoire et de littérature},
	author = {Meyer, Paul},
	year = {1888},
	pages = {468--469}
}

@book{michel_etudes_1858,
	address = {Paris},
	title = {Études sur la signification des mots et la propriété de l’expression},
	publisher = {Dezobry/Magdeleine},
	author = {Michel, Louis C.},
	year = {1858}
}

@article{nerlich_avant-propos_1993,
	title = {Avant-propos : la sémantique historique au {XIXe} siècle, en {Allemagne}, en {Angleterre} et en {France}},
	volume = {15},
	number = {1},
	journal = {Histoire Épistémologie Langage},
	author = {Nerlich, Brigitte},
	year = {1993},
	pages = {5--30}
}

@incollection{nerlich_development_2001,
	address = {Berlin/New York},
	title = {The development of semasiology in {Europe}: {A} survey from the second half of the 19th to the first third of the 20th century},
	volume = {2},
	booktitle = {History of the Language Sciences},
	publisher = {Walter de Gruyter},
	author = {Nerlich, Brigitte},
	editor = {Auroux, Sylvain and Koerner, Ernst F. K.},
	year = {2001},
	pages = {1600--1611}
}

@incollection{nerlich_study_2001,
	address = {Berlin/New York},
	title = {The study of meaning change from {Reisig} to {Bréal}},
	volume = {2},
	booktitle = {History of the {Language} {Sciences}},
	publisher = {Walter de Gruyter},
	author = {Nerlich, Brigitte},
	editor = {Auroux, Sylvain and Koerner, Ernst F. K. },
	year = {2001},
	pages = {1617--1628}
}

@incollection{nerlich_polysemy:_2003,
	address = {Berlin},
	title = {Polysemy: {Flexible} {Patterns} of {Meaning} in {Mind} and {Language}},
	isbn = {9783110176162},
	shorttitle = {Polysemy},
	language = {eng},
	booktitle = {Polysemy: {Flexible} {Patterns} of {Meaning} in {Mind} and {Language}},
	publisher = {Mouton de Gruyter},
	author = {Nerlich, Brigitte and Clarke, David D.},
	editor = {Nerlich, Brigitte and Todd, Zazie and Herman, Vimala and Clarke, David D.},
	year = {2003},
	note = {OCLC: 249039623}
}

@book{nyckees_semantique_1998,
	address = {Paris},
	series = {Collection {Sujets}},
	title = {La sémantique},
	isbn = {9782701116235},
	language = {fre},
	publisher = {Belin},
	author = {Nyckees, Vincent},
	year = {1998}
}

@book{pauly_polysemie._2010,
	address = {Paris},
	title = {La polysémie. {Réflexion} théorique, méthodologique et application à la lexicographie},
	publisher = {L'Harmattan},
	author = {Pauly, Émilie},
	year = {2010}
}

@article{peeters_compte_1994,
	title = {Compte rendu de {Brigitte} {Nerlich}. '{Semantic} {Theories} in {Europe} 1830-1930: {From} {Etymology} to {Contextuality}.'  1992},
	volume = {39},
	journal = {Revue canadienne de linguistique},
	author = {Peeters, Bert},
	year = {1994},
	pages = {361--365}
}

@article{peeters_verbe_1993,
	title = {Le verbe 'prendre' pris au sérieux},
	volume = {62},
	journal = {Cahiers de lexicologie},
	author = {Peeters, Bert and Eiszele, Aileen},
	year = {1993},
	pages = {169--184}
}

@phdthesis{piron_analyse_2006,
	address = {Montréal},
	type = {Thèse de doctorat en linguistique},
	title = {Analyse et représentation des connaissances en sémantique verbale},
	school = {Université du Québec à Montréal},
	author = {Piron, Sophie},
	year = {2006}
}

@book{regis_cours_1691,
	address = {Amsterdam},
	title = {Cours entier de philosophie},
	publisher = {Huguetan},
	author = {Régis, Pierre Silvain},
	year = {1691}
}

@book{richelet_dictionnaire_1680,
	address = {Genève},
	title = {Dictionnaire françois, contenant les mots et les choses},
	publisher = {Jean Herman Widerhold},
	author = {Richelet, César-Pierre},
	year = {1680}
}

@book{ricoeur_metaphore_1975,
	address = {Paris},
	title = {La métaphore vive},
	publisher = {Seuil},
	author = {Ricoeur, Paul},
	year = {1975}
}

@incollection{siblot_emission_2000,
	address = {Paris},
	title = {Émission de variétés. {Variations} sur la langue et la variation},
	booktitle = {Le français dans sa variation},
	publisher = {L'Harmattan},
	author = {Siblot, Paul},
	editor = {Bavoux, Claudine and Baggioni, Daniel and Dupuis, Régine and Kasbarian, Jean-Michel},
	year = {2000}
}

@article{sorba_presentation_2014,
	title = {Présentation : {Sens} multiple(s) et polysémie. {Regards} d’{Occident}},
	volume = {35},
	number = {1},
	journal = {Études romanes de Brno},
	author = {Sorba, Julie and Cusimano, Christophe},
	year = {2014},
	pages = {5--8}
}

@phdthesis{surcin_expression_1999,
	address = {Saint-Denis (France)},
	type = {Thèse de doctorat en informatique},
	title = {Expression langagière ambiguë et modélisation cognitive symbolique},
	school = {Université Paris 8},
	author = {Surcin, Sylvain},
	year = {1999}
}

@incollection{thibault_traitement_2009,
	address = {Paris},
	title = {Le traitement des gallicismes dans le '{Diccionario} de la lengua española' de la {Real} {Academia} {Española}},
	booktitle = {Gallicismes et théorie de l'emprunt linguistique},
	publisher = {L'Harmattan : Centre Alfred Ernout : Association Kubaba},
	author = {Thibault, André},
	editor = {Thibault, André},
	year = {2009},
	keywords = {Languages, Modern, Foreign elements French, French language, Influence on foreign languages, Gallicisms},
	pages = {107--131}
}

@book{thomassin_methode_1690,
	address = {Paris},
	title = {La méthode d’étudier et d’enseigner la grammaire ou les langues par rapport l’Écriture sainte en les réduisant toutes à l’hébreu},
	volume = {1},
	publisher = {François Muguet},
	author = {Thomassin, P. L. },
	year = {1690}
}

@book{ullmann_precis_1952,
	address = {Paris},
	title = {Précis de sémantique française},
	publisher = {Presses Universitaires de France / Berne: Francke},
	author = {Ullmann, Stephen},
	year = {1952}
}

@book{victorri_polysemie._1996,
	address = {Paris},
	series = {Langue, raisonnement, calcul},
	title = {La polysémie. {Construction} dynamique du sens},
	publisher = {Hermès Science Publications},
	author = {Victorri, Bernard and Fuchs, Catherine},
	year = {1996},
	keywords = {Polysemy, Connectionism}
}

@book{wiseman_essays_1853,
	address = {London},
	title = {Essays on various subjects},
	publisher = {Dolman},
	author = {Wiseman, Cardinal},
	year = {1853}
}

@book{larrivee_histoire_2008,
	address = {Bruxelles/Bern/Berlin},
	title = {Une histoire du sens: panorama de la sémantique linguistique depuis {Bre}́al},
	publisher = {Peter Lang},
	author = {Larrivée, Pierre},
	year = {2008},
	keywords = {Bréal, Michel, Semantics, History}
}

@book{cusimano_essai_2008,
	address = {Paris},
	title = {Essai de sémantique générale. {La} polysémie},
	publisher = {L'Harmattan},
	author = {Cusimano, Christophe},
	year = {2008}
}

%chapter 6

@book{bally__traite_1909,
	address = {Geneva/Lille},
	title = {Traité de stylistique française},
	publisher = {Librairie Droz/Librairie Giard},
	author = {Bally, Charles },
	year = {1909}
}

@book{bally__langage_1952,
	address = {Geneva/Lille},
	edition = {3},
	title = {Le langage et la vie},
	publisher = {Librairie Georg},
	author = {Bally, Charles},
	year = {1952 [1913]},
	note = {original-date: 1913}
}

@article{bardovi-harlig_unconventional_2017,
	title = {Unconventional {Expressions}: {Productive} {Syntax} in the {L2} {Acquisition} of {Formulaic} {Language}},
	volume = {33},
	number = {1},
	journal = {Second Language Research },
	author = {Bardovi-Harlig, Kathleen and Stringer, David},
	year = {2017},
	pages = {61--90}
}

@article{bolinger_meaning_1976,
	title = {Meaning and {Memory}},
	volume = {1},
	journal = {Forum Linguisticum},
	author = {Bolinger, Dwight},
	year = {1976},
	pages = {1--14}
}

@book{carr_interdigitations:_1999,
	address = {New York},
	title = {Interdigitations: {Essays} for {Irmengard} {Rauch}},
	isbn = {9780820438023},
	publisher = {Peter Lang},
	editor = {Carr, Gerald F. and Harbert, Wayne and Zhang, Lihua},
	year = {1999},
	keywords = {Germanic philology, Linguistics, Literature, History and criticism, Arts}
}

@book{chapelle_encyclopedia_2013,
	title = {The {Encyclopedia} of {Applied} {Linguistics}},
	url = {http://onlinelibrary.wiley.com/book/10.1002/9781405198431},
	publisher = {Wiley Online},
	editor = {Chapelle, Carol A.},
	year = {2013},
	keywords = {Applied linguistics, Encyclopedias}
}

@incollection{christy_concept_1995,
	address = {Amsterdam/Philadelphia},
	title = {From {Concept} to {Word}: {The} {Homophonic} {Principle} and {Steinthal}'s {Theory} of {Writing}},
	booktitle = {History of {Linguistics} 1993: {Papers} from the {Sixth} {International} {Conference} on the {History} of the {Language} {Sciences}},
	publisher = {John Benjamins},
	author = {Christy, T. Craig},
	editor = {Jankowsky, Kurt},
	year = {1995},
	pages = {199--207}
}

@incollection{christy_saussures_1999,
	address = {Amsterdam/Philadelphia},
	title = {Saussure’s ‘{Anagrams}’: {Blunder} or {Paralanguage}?},
	volume = {2: From Classical to Contemporary Linguistics},
	booktitle = {History of {Linguistics} 1996},
	publisher = {John Benjamins},
	author = {Christy, T. Craig},
	editor = {Cram, David and Linn, Andrew and Novak, Elke},
	year = {1999},
	pages = {299--306}
}

@incollection{carr_c_1999,
	address = {New York},
	title = {Between Intellect and Intuition: Saussure’s ‘Anagrams’ and the Calculus of the Auri-(Ora)cular},
	booktitle = {Interdigitations: {Essays} for {Irmengard} {Rauch}},
	publisher = {Peter Lang},
	author = {Christy, T. Craig},
	editor = {Carr, Gerald F. and Harbert, Wayne and Zhang, Lihua},
	year = {1999},
	keywords = {Germanic philology, Linguistics, Literature, History and criticism, Arts},
	pages = {557--568}
}

@book{guimaraes_history_2007,
	address = {Amsterdam/Philadelphia},
	series = {Amsterdam studies in the theory and history of linguistic science},
	title = {History of linguistics 2002: {Selected} {Papers} from the {Ninth} {International} {Conference} on the {History} of the {Language} {Sciences}},
	publisher = {John Benjamins},
	editor = {Guimarães, Eduardo and Barros, Diana Luz Pessoa de},
	year = {2007},
	keywords = {Linguistics, History, Congresses}
}

@incollection{guimaraes_presence_2007,
	address = {Amsterdam/Philadelphia},
	title = {The {Presence} of {Absence} in {Saussure}’s {Linguistic} {Theory}},
	booktitle = {History of {Linguistics} 2002: {Selected} {Papers} from the {Ninth} {International} {Conference} on the {History} of the {Language} {Sciences}},
	publisher = {John Benjamins },
	author = {Christy, T. Craig},
	editor = {Guimarães, Eduardo and Barros, Diana Luz Pessoa de},
	year = {2007},
	note = {OCLC: ocn123284942},
	keywords = {Linguistics, History, Congresses},
	pages = {133--139}
}

@book{kibbee_chomskyan_2010,
	address = {Amsterdam/Philadelphia},
	title = {Chomskyan ({R})evolutions},
	publisher = {John Benjamins},
	editor = {Kibbee, Douglas},
	year = {2010},
	keywords = {Chomsky, Noam, Generative grammar}
}

@incollection{kibbee_evolution_2010,
	address = {Amsterdam/Philadelphia},
	title = {The {Evolution} of {Meaning} and {Grammar}: {Chomskyan} {Theory} and the {Evidence} from {Grammaticalization}},
	booktitle = {Chomskyan ({R})evolutions},
	publisher = {John Benjamins},
	author = {Christy, T. Craig},
	editor = {Kibbee, Douglas A.},
	year = {2010},
	pages = {353--375}
}

@book{cram_history_1999,
	address = {Amsterdam/Philadelphia},
	title = {History of {Linguistics} 1996},
	volume = {2: From Classical to Contemporary Linguistics},
	publisher = {John Benjamins},
	editor = {Cram, David and Linn, Andrew and Novak, Elke},
	year = {1999}
}

@article{erman_idiom_2000,
	title = {The idiom principle and the open choice principle},
	volume = {20},
	number = {1},
	journal = {Text - Interdisciplinary Journal for the Study of Discourse},
	author = {Erman, Britt and Warren, Beatrice},
	year = {2000},
	pages = {29--62}
}

@article{fillmore_regularity_1988,
	title = {Regularity and idiomaticity in grammatical constructions: the case of 'let alone'},
	volume = {64},
	number = {3},
	journal = {Language},
	author = {Fillmore, Charles  and Kay, Paul and O'Connor, Mary Catherine},
	year = {1988},
	pages = {501--538}
}

@book{firth_synopsis_1957,
	address = {Oxford},
	title = {A {Synopsis} of {Linguistic} {Theory} 1930-1955},
	publisher = {Oxford University Press},
	author = {Firth, John Rupert},
	year = {1957}
}

@book{granger_phraseology:_2008,
	address = {Amsterdam/Philadelphia},
	title = {Phraseology: {An} {Interdisciplinary} {Perspective}},
	publisher = {John Benjamins},
	editor = {Granger, Sylviane and Meunier, Fanny},
	year = {2008},
	keywords = {Phraseology}
}

@incollection{granger_phraseology_2008,
	address = {Amsterdam/Philadelphia},
	title = {Phraseology and {Linguistic} {Theory}: {A} {Brief} {Survey}},
	booktitle = {Phraseology: {An} {Interdisciplinary} {Perspective}},
	publisher = {John Benjamins},
	author = {Gries, Stefan Th.},
	editor = {Granger, Sylviane and Meunier, Fanny},
	year = {2008},
	keywords = {Phraseology},
	pages = {3--25}
}

@incollection{granger_computational_2008,
	address = {Amsterdam/Philadelphia},
	title = {Computational {Phraseology}: {An} {Overview}},
	isbn = {9789027232465},
	booktitle = {Phraseology: {An} {Interdisciplinary} {Perspective}},
	publisher = {John Benjamins},
	author = {Heid, Ulrich},
	editor = {Granger, Sylviane and Meunier, Fanny},
	year = {2008},
	keywords = {Phraseology},
	pages = {337--360}
}

@article{howarth_phraseology_1998,
	title = {Phraseology and {Second} {Language} {Proficiency}},
	volume = {19},
	number = {1},
	journal = {Applied Linguistics},
	author = {Howarth, Peter},
	year = {1998},
	pages = {24--44}
}

@book{jackendoff_architecture_1997,
	address = {Cambridge, Mass.},
	series = {Linguistic inquiry monographs},
	title = {The {Architecture} of the {Language} {Faculty}},
	isbn = {9780262100595 9780262600255},
	number = {28},
	publisher = {M.I.T. Press},
	author = {Jackendoff, Ray},
	year = {1997},
	keywords = {Grammar, Comparative and general, Thought and thinking}
}

@book{jankowsky_history_1995,
	address = {Amsterdam/Philadelphia},
	title = {History of {Linguistics} 1993: {Papers} from the {Sixth} {International} {Conference} on the {History} of the {Language} {Sciences}.},
	publisher = {John Benjamins},
	editor = {Jankowsky, Kurt},
	year = {1995},
	keywords = {Linguistics, History Congresses}
}

@article{kim_frequency_2012,
	title = {Frequency {Effects} in {L2} {Multiword} {Unit} {Processing}: {Evidence} {From} {Self}-{Paced} {Reading}},
	volume = {46},
	number = {4},
	journal = {TESOL Quarterly},
	author = {Kim, Soo Hyon and Kim, Ji Hyon},
	year = {2012},
	pages = {831--841}
}

@book{lewis_lexical_1993,
	address = {Hove},
	title = {The {Lexical} {Approach}: {The} {State} of {ELT} and a {Way} {Forward}},
	publisher = {Language Teaching Publications},
	author = {Lewis, Michael},
	year = {1993}
}

@article{mackenzie_improvisation_2000,
	title = {Improvisation, Creativity, and Formulaic Language},
	volume = {58},
	number = {2},
	journal = {The Journal of Aesthetics and Art Criticism},
	author = {MacKenzie, Ian},
	year = {2000},
	pages = {173--179}
}

@article{mackenzie_institutionalized_2000,
	title = {Institutionalized Utterances, Literature, and Language Teaching},
	volume = {9},
	number = {1},
	journal = {Language and Literature},
	author = {MacKenzie, Ian},
	year = {2000},
	pages = {61--78}
}

@book{makkai_idiom_1972,
	address = {The Hague/Paris},
	title = {Idiom {Structure} in {English}},
	publisher = {Mouton},
	author = {Makkai, Adam},
	year = {1972}
}

@book{moon_fixed_1998,
	address = {Oxford},
	title = {Fixed expressions and idioms in {English}: {A} {Corpus}-based {Approach}({Oxford} {Studies} in {Lexicography} and {Lexicology})},
	publisher = {Clarendon Press},
	author = {Moon, Rosamund},
	year = {1998},
	keywords = {English language, Discourse analysis, English language, Terms and phrases, Lexicology, English language, Idioms, Figures of speech}
}

@book{richards_language_1983,
	address = {London},
	series = {Applied linguistics and language study},
	title = {Language and {Communication}},
	publisher = {Longman},
	editor = {Richards, Jack C. and Schmidt, Richard W.},
	year = {1983},
	keywords = {Language and languages, Study and teaching, Communication, Study and teaching}
}

@incollection{richards_two_1983,
	address = {London},
	title = {Two {Puzzles} for {Linguistic} {Theory}: {Native}-like {Selection} and {Native}-like {Fluency}},
	isbn = {9780582550346},
	booktitle = {Language and {Communication}},
	publisher = {Longman},
	author = {Pawley, Andrew and Syder, Frances Hodgetts},
	editor = {Richards, Jack C. and Schmidt, Richard W.},
	year = {1983},
	keywords = {Language and languages, Study and teaching, Communication, Study and teaching},
	pages = {191--226}
}

@book{saussure_cours_1986,
	address = {Lasalle, Ill.},
	title = {Cours de linguistique générale},
	publisher = {Open Court},
	author = {Saussure, Ferdinand de},
	translator = {Harris, Roy},
	year = {1986 [1916]},
	note = {Transl. \& annotated by Roy Harris}
}

@book{sinclair_corpus_1991,
	address = {Oxford},
	title = {Corpus, {Concordance}, {Collocation}},
	publisher = {Oxford University Press},
	author = {Sinclair, John},
	year = {1991}
}

@incollection{granger_phrase_2008,
	address = {Amsterdam/Philadelphia},
	title = {The {Phrase}, the {Whole} {Phrase} and {Nothing} but the {Phrase}},
	booktitle = {Phraseology: {An} {Interdisciplinary} {Perspective}},
	publisher = {John Benjamins},
	author = {Sinclair, John},
	editor = {Granger, Sylviane and Meunier, Fanny},
	year = {2008},
	keywords = {Phraseology},
	pages = {407--410}
}

@incollection{chapelle_encyclopedia_2013-1,
	title = {Sinclair, John},
	url = {http://onlinelibrary.wiley.com/doi/10.1002/9781405198431.wbeal1071/pdf.},
	booktitle = {The {Encyclopedia} of {Applied} {Linguistics}},
	publisher = {Wiley Online},
	author = {Stubbs, Michael},
	editor = {Chapelle, Carol A.},
	year = {2013},
	note = {Downloaded August 7, 2017}
}

@article{warren_model_2005,
	title = {A {Model} of {Idiomaticity}},
	volume = {4},
	number = {1},
	journal = {Nordic Journal of English Studies},
	author = {Warren, Beatrice},
	year = {2005},
	pages = {35--54}
}

@article{wood_formulaic_2002,
	title = {Formulaic {Language} {Acquisition} and {Production}: {Implications} for {Teaching}},
	volume = {20},
	number = {1},
	journal = {TESL Canada Journal},
	author = {Wood, David},
	year = {2002},
	pages = {1--15}
}

@article{wray_formulaic_1999,
	title = {Formulaic {Language} in {Learners} and {Native} {Speakers}},
	volume = {32},
	number = {4},
	journal = {Language Teaching},
	author = {Wray, Alison},
	year = {1999},
	pages = {213--231}
}

%chapter 7


@book{anonymous_englishman_1860,
	address = {London},
	title = {The {Englishman} in {China}},
	publisher = {Sauders, Otley, and Co.},
	author = {Anonymous},
	year = {1860}
}

@article{ansaldo_china_2010,
	title = {China {Coast} {Pidgin}: {Texts} and contexts},
	volume = {25},
	number = {1},
	journal = {Journal of Pidgin and Creole Languages},
	author = {Ansaldo, Umberto and Matthews, Stephen and Smith, Geoff},
	year = {2010},
	pages = {63--94}
}

@book{bolton_chinese_2003,
	address = {Cambridge},
	series = {Studies in {English} language},
	title = {Chinese {Englishes}: {A} {Sociolinguistic} {History}},
	isbn = {9780521811637},
	publisher = {Cambridge University Press},
	author = {Bolton, Kingsley},
	year = {2003},
	keywords = {English language, China, English language, Variation, China, English language, Social aspects, China, English language, Study and teaching, China, English language, Study and teaching Chinese speakers}
}

@article{baker_off_1990,
	title = {Off {Target}?},
	volume = {5},
	number = {1},
	journal = {Journal of Pidgin and Creole Languages},
	author = {Baker, Philip},
	year = {1990},
	pages = {107--119}
}

@book{bickerton_dynamics_1975,
	address = {Cambridge},
	title = {Dynamics of a {Creole} {System}},
	publisher = {Cambridge University Press},
	author = {Bickerton, Derek},
	year = {1975},
	keywords = {Creole dialects, English, Guyana}
}

@incollection{barreto_interpreters_2016,
	address = {Lisboa},
	title = {Interpreters of {Early} {Macau} and {Canton}},
	isbn = {9789728586485},
	booktitle = {China-{Macau} and {Globalizations}: {Past} and {Present}},
	publisher = {Centro Científico e Cultural de Macau, I.P.},
	author = {Chin, James K.},
	editor = {Barreto, Luís Filipe and Wu, Zhiliang},
	year = {2016},
	keywords = {Globalization, China, Congresses, Transnationalism, Congresses, China, Economic conditions, Macau (Special Administrative Region), Congresses}
}

@book{christy_uniformitarianism_1983,
	address = {Amsterdam/Philadelphia},
	title = {Uniformitarianism in {Linguistics}},
	isbn = {9789027245137},
	publisher = {John Benjamins},
	author = {Christy, T. Craig},
	year = {1983},
	keywords = {Linguistics, History, Neogrammarians, Reconstruction (Linguistics), Uniformity of nature}
}

@book{crow_foreign_2011,
	address = {Hong Kong},
	title = {Foreign {Devils} in the {Flowery} {Kingdom}},
	publisher = {Earnshaw Books},
	author = {Crow, Carl},
	year = {2011 [1940]},
	note = {original-date: 1940}
}

@book{downing_fan-qui_1838,
	address = {London},
	title = {The {Fan}-{Qui} in {China} in 1836-7},
	volume = {1},
	publisher = {Henry, Colburn Publisher},
	author = {Downing, C. Toogood},
	year = {1838}
}

@article{duer_pigeon-english_1860,
	title = {Pigeon-{English}},
	volume = {55},
	journal = {Knickerbocker},
	author = {Duer, John K.},
	year = {1860},
	pages = {300--303}
}

@article{elspas_everyday_2007,
	title = {‘{Everyday} {Language}’ in {Emigrant} {Letters} and its {Implications} for {Language} {Historiography} – the {German} {Case}},
	volume = {26},
	number = {2-3},
	journal = {Multilingua},
	author = {Elspaß, Stephan},
	year = {2007},
	pages = {151--165}
}

@incollection{hernandez-campoy_use_2012,
	address = {London},
	title = {The {Use} of {Private} {Letters} and {Diaries} in {Sociolinguistic} {Investigation}},
	language = {eng},
	booktitle = {The {Handbook} of {Historical} {Sociolinguistics}},
	publisher = {Blackwell-Wiley},
	author = {Elspaß, Stephan},
	editor = {Hernández-Campoy, Juan Manuel and Conde-Silvestre, Juan Camilo},
	year = {2012},
	pages = {156--169}
}

@book{elspas_germanic_2007,
	address = {Berlin/New York},
	series = {Studia {Linguistica} {Germanica}},
	title = {Germanic {Language} {Histories} '{From} {Below}' (1700-2000)},
	isbn = {9783110925463},
	number = {86},
	publisher = {Mouton de Gruyter},
	editor = {Elspaß, Stephan and Langer, Nils and Scharloth, Joachim and Vandenbussche, Wim},
	year = {2007}
}

@misc{hailwood_who_2013,
	title = {Who is {Below}?},
	url = {https://manyheadedmonster.wordpress.com/2013/07/19/who-is-below/},
	journal = {The Future of History from Below},
	author = {Hailwood, Mark},
	year = {2013},
	note = {Retrieved on July 19 from: https://manyheadedmonster.wordpress.com/2013/07/19/who-is-below/}
}

@book{hao_comprador_1970,
	address = {Cambridge, Mass.},
	title = {The {Comprador} in {Nineteenth} {Century} {China}: {Bridge} {Between} {East} and {West}},
	isbn = {9780674155251},
	publisher = {Harvard University Press},
	author = {Hao, Yen-pʻing},
	year = {1970},
	keywords = {Compradors, China, China, Commerce History, 19th century}
}

@incollection{hernandez-campoy_application_2012,
	series = {Blackwell handbooks in linguistics},
	title = {The {Application} of the {Quantitative} {Paradigm} to {Historical} {Sociolinguistics}: {Problems} with {Generalizibility} {Principle}},
	booktitle = {The {Handbook} of {Historical} {Sociolinguistics}},
	publisher = {Blackwell-Wiley},
	author = {Hernández-Campoy, Juan Manuel and Schilling, Natalie},
	editor = {Hernández-Campoy, Juan Manuel and Conde-Silvestre, Juan Camilo},
	year = {2012},
	pages = {63--79}
}

@book{hernandez-campoy_handbook_2012,
	address = {London},
	title = {The {Handbook} of {Historical} {Sociolinguistics}},
	publisher = {Blackwell-Wiley},
	editor = {Hernández-Campoy, Juan Manuel and Conde-Silvestre, Juan Camilo},
	year = {2012},
	keywords = {Sociolinguistics, History, Sociolinguistics, Handbooks, manuals, etc, Aufsatzsammlung}
}

@book{holm_introduction_2000,
	address = {Cambridge},
	title = {An {Introduction} to {Pidgin} and {Creoles}},
	publisher = {Cambridge University Press},
	author = {Holm, John},
	year = {2000},
	keywords = {Creole dialects, Pidgin languages}
}

@book{hunter_fan_1882,
	address = {London},
	title = {Fan {Kwae}’ at {Canton} before the {Treaty} {Days} 1825-1844},
	publisher = {Kegan Paul, Trench, \& Co.},
	author = {Hunter, William C.},
	year = {1882}
}

@article{labov_principles_1972,
	title = {Some {Principles} of {Linguistic} {Methodology}},
	volume = {1},
	number = {1},
	journal = {Language in Society},
	author = {Labov, William},
	year = {1972},
	pages = {97--120}
}

@article{li_origins_2011,
	title = {Origins of a {Preposition}: {Chinese} {Pidgin} {English} 'long' and its {Implications} for {Pidgin} {Grammar}},
	volume = {4},
	journal = {Journal of Language Contact},
	author = {Li, Michelle},
	year = {2011},
	pages = {269--294}
}

@incollection{michaelis_chinese_2013,
	address = {Oxford},
	series = {Oxford {Linguistics}},
	title = {Chinese {Pidgin} {English}},
	volume = {1: English-based and Dutch-based languages},
	booktitle = {The {Survey} of {Pidgin} and {Creole} languages},
	publisher = {Oxford University Press},
	author = {Matthews, Stephen and Li, Michelle},
	editor = {Michaelis, Susanne and Maurer, Philippe and Haspelmath, Martin and Huber, Magnus},
	year = {2013},
	keywords = {Pidgin languages, Creole dialects},
	pages = {206--213}
}

@incollection{milroy_consequences_1999,
	address = {London},
	title = {The {Consequences} of {Standardisation} in {Descriptive} {Linguistics}},
	booktitle = {Standard {English}: {The} {Widening} {Debate}},
	publisher = {Routledge},
	author = {Milroy, James},
	editor = {Bex, Tony and Watts, Richard J.},
	year = {1999},
	pages = {16--39}
}

@book{morrison_chinese_1834,
	address = {Canton},
	title = {A {Chinese} Commercial Guide, Consisting of a Collection of Details Respecting Foreign Trade in {China}},
	publisher = {Albion Press},
	author = {Morrison, John Robert},
	year = {1834}
}

@phdthesis{nobels_etraordinary_2013,
	address = {Utrecht: LOT},
	type = {Doctoral {Thesis}},
	title = {({Etra}){Ordinary} {Letters}: {A} {View} from {Below} on {Seventeenth}-century {Dutch}},
	school = {University of Leiden},
	author = {Nobels, Judith Maria Petrus},
	year = {2013}
}

@incollection{bakker_types_1997,
	address = {Cambridge, Mass.},
	title = {Types of {Orality} in {Text}},
	isbn = {9780674962606},
	booktitle = {Written {Voices}, {Spoken} {Signs}},
	publisher = {Harvard University Press},
	author = {Oesterrreicher, Wulf},
	editor = {Bakker, Egbert and Kahane, Ahuvia},
	year = {1997},
	keywords = {Homer, Criticism and interpretation, Congresses, Epic poetry, History and criticism Theory, etc, Congresses, Comparative literature, Greek and medieval, Congresses, Comparative literature, Medieval and Greek, Congresses, Mythology, Greek, in literature, Congresses, Written communication, Greece, Congresses, Oral interpretation of poetry, Congresses, Oral-formulaic analysis, Congresses, Oral tradition, Greece, Congresses, Oral tradition, Europe, Congresses},
	pages = {190--214}
}

@book{romaine_socio-historical_1982,
	address = {Cambridge},
	title = {Socio-historical {Linguistics}: {Its} {Status} and {Methodology}},
	isbn = {9780521237505},
	publisher = {Cambridge University Press},
	author = {Romaine, Suzanne},
	year = {1982},
	keywords = {Sociolinguistics, Historical linguistics, Scots language, English language, Grammar, Historical, English language, Syntax}
}

@incollection{ammon_historical_1988,
	address = {Berlin/New York},
	title = {Historical {Sociolinguistics}: {Problems} and {Methodology}},
	volume = {2},
	booktitle = {Sociolinguistics/{Soziolinguistik}: {An} international {Handbook} of the {Science} of {Language} and {Society}/{Ein} internationales {Handbuch} zur {Wissenschaft} von {Sprache} und {Gesellschaft}},
	publisher = {De Gruyter},
	author = {Romaine, Suzanne},
	editor = {Ammon, Ulrich and Dittmar, Norbert and Mattheier, Klaus J. and Trudgill, Peter},
	year = {1988},
	pages = {1452--1468}
}

@incollection{romaine_historical_2005,
	address = {Berlin/New York},
	title = {Historical sociolinguistics/{Historische} {Soziolinguistik}”. },
	volume = {2},
	booktitle = {Sociolinguistics/{Soziolinguistik}: {An} {International} {Handbook} of the {Science} of {Language} and {Society}/{Ein} internationales {Handbuch} zur {Wissenschaft} von {Sprache} und {Gesellschaft}},
	publisher = {De Gruyter},
	author = {Romaine, Suzanne},
	editor = {Ulrich, Ammon and Dittmar, Norbert and J. Mattheier, Klaus and Trudgill, Peter},
	year = {2005},
	pages = {1696--1703}
}

@book{russi_current_2016,
	address = {Berlin/New York},
	title = {Current {Trends} in {Historical}  {Sociolinguistics}},
	isbn = {9783110488401 9783110488395},
	language = {eng},
	publisher = {De Gruyter},
	editor = {Russi, Cinzia},
	year = {2016},
	note = {OCLC: 945576919}
}

@incollection{stewart_urban_1965,
	address = {Champaign, Ill.},
	title = {Urban {Negro} speech: {Sociolinguistic} factors affecting {English} teaching},
	booktitle = {Social {Dialects} and {Language} {Learning}},
	publisher = {National Council of Teachers of English},
	author = {Stewart, William and Davis, Alva and Hogan, Robert},
	editor = {Shuy, Roger},
	year = {1965},
	pages = {10--18}
}

@book{tiffany_canton_1849,
	address = {Boston/Cambridge},
	title = {The {Canton} {Chinese} or, {The} {American}’s {Sojourn} in the {Celestial} {Empire}},
	publisher = {James Munroe},
	author = {Tiffany, Osmond},
	year = {1849}
}

@book{tilden_journal._1834,
	title = {Journal. {Sixth} voyage to {China}, in {Ship} {Surat} 1834-1836},
	publisher = {Unpublished manuscript},
	author = {Tilden, Bryant P.},
	year = {1834-36}
}

@article{thompson_history_1966,
	title = {History from {Below}},
	journal = {Times Literary Supplement},
	issue = {7 April},
	author = {Thompson, E. P.},
	year = {1966},
	pages = {279--280}
}

@book{tong_chinese_1862,
	address = {Canton},
	title = {The {Chinese} and {English} {Instructor}},
	author = {Tong, Ting-kü},
	year = {1862}
}

@book{tyng_before_1999,
	address = {New York, N.Y.},
	title = {Before the {Wind}: {The} {Memoir} of an {American} {Sea} {Captain}, 1808-1833},
	publisher = {Viking Penguin},
	author = {Tyng, Charles},
	editor = {Fels, Susan},
	year = {1999},
	keywords = {Tyng, Charles, Ship captains, Biography, United States, Merchant mariners, Biography, United States}
}

@book{van_der_wal_touching_2013,
	address = {Amsterdam/Philadelphia},
	series = {Advances in {Historical} {Sociolinguistics}},
	title = {Touching the {Past}: {Studies} in the {Historical} {Sociolinguistics} of {Ego}-{Documents}},
	volume = {1},
	publisher = {John Benjamins},
	editor = {Van der Wal, Marijke J. and Rutten, Gijsbert},
	year = {2013}
}

@book{van_dyke_canton_2005,
	address = {Hong Kong},
	title = {The {Canton} trade: life and enterprise on the {China} coast, 1700-1845},
	publisher = {University of Hong Kong Press},
	author = {Van Dyke, Paul Arthur},
	year = {2005},
	keywords = {Guangzhou (China), Commerce History, 18th century, Guangzhou (China), Commerce History, 19th century, China, Commerce History, 18th century, China, Commerce History, 19th century, China, Foreign economic relations}
}

@book{zhang_language_2009,
	address = {Guangzhou},
	title = {Language and {Society} in {Early} {Hong} {Kong} (1841-1884)},
	isbn = {9787306033062},
	publisher = {Sun Yat-Sen University},
	author = {Zhang, Zhenjiang},
	year = {2009},
	keywords = {Chinese language, China Hong Kong, Hong Kong (China), History, Hong Kong (China), Social life and customs}
}

%chapter 8

@book{auroux_revolution_1994,
	address = {Liège},
	title = {La révolution technologique de la grammatisation},
	publisher = {Mardaga},
	author = {Auroux, Sylvain},
	year = {1994},
	keywords = {Grammar, Comparative and general, History, Linguistics, History}
}

@book{bertera_nouvelle_1773,
	address = {Paris},
	title = {Nouvelle grammaire, contenant en abrégé tous les principes de la langue française},
	publisher = {Vve Vallat-la-Chapelle},
	author = {Bertera, Bartolommeo Antonio},
	year = {1773}
}

@book{beauzee_grammaire_1767,
	address = {Paris},
	title = {Grammaire générale, ou {Exposition} raisonnée des éléments nécessaires du langage, {Pour} servir de fondement à l'étude de toutes les langues},
	publisher = {J. Barbou, 2 vol},
	author = {Beauzée, Nicolas},
	year = {1767}
}

@book{chervel_et_1977,
	address = {Paris},
	title = {Et il fallut apprendre à écrire à tous les petits {Franc}̧ais. {Histoire} de la grammaire scolaire},
	publisher = {Payot},
	author = {Chervel, André},
	year = {1977},
	keywords = {French language, Textbooks, French language, Grammar Study and teaching History, France}
}

@article{chervel_rhetorique_1979,
	title = {Rhétorique et grammaire . {Petite} histoire du circonstanciel},
	volume = {41},
	language = {fr},
	journal = {Langue Française},
	author = {Chervel, André},
	year = {1979},
	pages = {5--19}
}

@book{chervel_histoire_2006,
	address = {Paris},
	title = {Histoire de l’enseignement du français du {XVIIe} au {XXe} siècle},
	publisher = {Retz, Usuels},
	author = {Chervel, André},
	year = {2006},
	keywords = {French language, Study and teaching History, France}
}

@book{chevalier_histoire_2006,
	address = {Paris},
	title = {Histoire de la syntaxe. {Naissance} de la notion de complément dans la grammaire française (1530 - 1750)},
	publisher = {Honoré Champion},
	author = {Chevalier, Jean-Claude},
	year = {2006 [1968]},
	note = {original-date: 1968}
}

@book{chompre_petite_1778,
	address = {Paris},
	title = {Petite grammaire françoise, à l'usage des élèves de l’École royale militaire},
	publisher = {Nyon aîné},
	author = {Chompré, Étienne-Maurice and Monchablon, Étienne-Jean  and Batteux, Charles },
	year = {1778}
}

@book{chompre_introduction_1751,
	address = {Paris},
	title = {Introduction à la langue latine par la voie de la traduction},
	publisher = {H.-L. Guérin},
	author = {Chompré, Pierre},
	year = {1751}
}

@book{colombat_histoire_2010,
	address = {Paris},
	title = {Histoire des idées sur le langage et les langues},
	publisher = {Klincksieck},
	author = {Colombat, Bernard and Fournier, Jean-Marie and Puech, Christian},
	year = {2010},
	keywords = {Linguistics, History, Language and languages, Study and teaching History, Language and languages, Philosophy}
}

@article{colombat_a_1995,
	series = {Seconde série},
	title = {À propos de la « grammaire latine étendue ». {Quelques} remarques sur les contrecoups subis par le modèle latin lors de son adaptation au français},
	volume = {11},
	journal = {Archives et documents de la Société d'histoire et d'épistémologie des sciences du langage},
	author = {Colombat, Bernard},
	year = {1995},
	pages = {7--11}
}

@book{colombat_grammaire_1999,
	address = {Grenoble},
	title = {La grammaire latine en {France} à la {Renaissance} et à l'{A}̂ge classique},
	publisher = {Ellug},
	author = {Colombat, Bernard},
	year = {1999},
	keywords = {Latin language, Medieval and modern, Grammar, Latin philology, Medieval and modern, France, Latin language, Grammar, Comparative French, Latin philology, Study and teaching, France}
}

@book{domerque_grammaire_1778,
	address = {Lyon},
	title = {Grammaire françoise simplifiée, ou {Traité} d’orthographe, avec des notes sur la prononciation et la syntaxe, des observations critiques et un nouvel essai de prosodie},
	publisher = {l'auteur},
	author = {Domerque, Urbain},
	year = {1778}
}

@book{gaullyer_abrege_1722,
	address = {Paris},
	title = {Abrégé de la grammaire françoise},
	publisher = {J.-B. Brocas},
	author = {Gaullyer, Denis},
	year = {1722}
}

@book{girard_les_1747,
	address = {Paris},
	title = {Les vrais principes de la {Langue} {Françoise} ou la parole réduite en méthode, conformément aux lois de l'usage},
	publisher = {Le Breton, 2 vol.},
	author = {Girard, abbé Garbriel},
	year = {1747}
}

@book{goulier_grammaire_1773,
	address = {Paris},
	title = {Grammaire latine avec des dissertations sur la syntaxe},
	publisher = {F.A. Didot},
	author = {Goulier},
	year = {1773}
}

@book{lancelot_nouvelle_1644,
	address = {Paris},
	title = {Nouvelle {Méthode} pour apprendre facilement, \& en peu de temps la langue latine},
	publisher = {Antoine Vitré},
	author = {Lancelot, Claude},
	year = {1644}
}

@book{le_tellier_grammaire_1811,
	address = {Paris},
	title = {Grammaire françoise d’après {Lhomond}, à l’usage des lycées et institutions},
	publisher = {Le Prieur, Belin},
	author = {Le Tellier, Constant},
	year = {1811}
}

@book{lhomond_elemens_1781,
	address = {Paris},
	edition = {3},
	title = {Élémens de la grammaire latine},
	publisher = {Colas},
	author = {Lhomond, Charles-François},
	year = {1781 [1779]},
	note = {original-date: 1779}
}

@book{lhomond_elemens_1790,
	address = {Paris},
	edition = {7},
	title = {Élémens de la grammaire françoise},
	publisher = {Colas},
	author = {Lhomond, Charles-François},
	year = {1790 [1780]},
	note = {original-date: 1780}
}

@book{olivet_remarques_1767,
	address = {Paris},
	title = {Remarques sur la langue françoise},
	publisher = {Barbou},
	author = {Olivet, Pierre-Joseph d'},
	year = {1767}
}

@book{panckoucke_les_1749,
	address = {Lille},
	title = {Les études convenables aux demoiselles, contenant la grammaire, la poésie, la rhétorique},
	publisher = {A.-J. Panckoucke},
	author = {Panckoucke, André Joseph},
	year = {1749}
}

@incollection{piron_lhomond_2019,
	address = {Lyon},
	title = {Lhomond et ses prédécesseurs},
	booktitle = {Grammaticalia. {Hommage} à {Bernard} {Colombat} },
	publisher = {ENS Éditions},
	author = {Piron, Sophie},
	editor = {Fournier, Jean-Marie and Raby, Valérie and Lahaussois, Aimée},
	year = {2019},
	pages = {155--163}
}

@book{restaut_abrege_1732,
	address = {Paris},
	title = {Abrégé des principes de la grammaire françoise},
	publisher = {Jean Desaint},
	author = {Restaut, Pierre},
	year = {1732}
}

@book{restaut_principes_1732,
	address = {Paris},
	title = {Principes généraux et raisonnés de la grammaire françoise… avec des observations sur l’orthographe et un abrégé des règles de la versification françoise},
	publisher = {Le Gras, Lottin, Desaint et Chaubert},
	author = {Restaut, Pierre},
	year = {1732}
}

@book{royon_professeur_traite_1777,
	address = {Paris},
	title = {Traité élémentaire de grammaire et d’orthographe française},
	publisher = {Impr. de D.-C. Couturier},
	author = {{Royon (professeur)}},
	year = {1777}
}

@book{viard_les_1763,
	address = {Paris},
	title = {Les vrais principes de la lecture, de l’orthographe et de la prononciation françoise, suivis d'un petit traité de la ponctuation, des premiers élémens de la grammaire et de la prosodie françoise et de différentes pièces de lecture},
	publisher = {Panckoucke},
	author = {Viard, Nicolas-Antoine},
	year = {1763}
}

@book{wailly_abrege_1759,
	address = {Paris},
	edition = {1},
	title = {Abrégé de la grammaire françoise},
	publisher = {de Bure l'aîne et J. Barbou},
	author = {Wailly, François de},
	year = {1759}
}
%chapter 9

@book{adams_philosophical_1998,
	address = {Stanford, Calif.},
	title = {The {Philosophical} {Roots} of {Anthropology}},
	publisher = {CSLI},
	author = {Adams, William Yewdale},
	year = {1998},
	keywords = {Anthropology, Philosophy, Anthropology, History}
}

@article{basedow_vergleichende_1908,
	title = {Vergleichende {Vokabularien} der {Aluridja}- und {Arunndta}-{Dialekte} {Zentral}-{Australiens}},
	volume = {40},
	journal = {Zeitschrift für Ethnologie},
	author = {Basedow, Herbert},
	year = {1908},
	pages = {207--228}
}

@book{basedow_australian_1925,
	address = {Adelaide},
	title = {The {Australian} {Aboriginal}},
	publisher = {F.W. Preece and Sons},
	author = {Basedow, Herbert},
	year = {1925}
}

@book{basedow_knights_2004,
	address = {Victoria Park, Western Australia},
	title = {Knights of the {Boomerang}: {Episodes} from a {Life} {Spent} {Among} the {Native} {Tribes} of {Australia}},
	publisher = {Hesperian Press},
	author = {Basedow, Herbert},
	year = {2004 [1935]},
	note = {original-date: 1935},
	keywords = {Aboriginal Australians, Social life and customs, Australia Northern Territory}
}

@book{bolinger_aspects_1975,
	address = {New York},
	title = {Aspects of {Language}},
	publisher = {Harcourt Brace Jovanovich},
	author = {Bolinger, Dwight},
	year = {1975},
	keywords = {Language and languages, Linguistics}
}

@article{brock_evangelism_2017,
	title = {Evangelism, {Ethnography} and {Linguistics}: {Carl} {Strehlow} and {J}. {R}. {B}. {Love}},
	volume = {27},
	number = {3},
	journal = {Anthropological Forum},
	author = {Brock, Peggy},
	year = {2017},
	pages = {224--239}
}

@book{feest_hauptwerke_2002,
	address = {Stuttgart},
	title = {Hauptwerke der {Ethnologie}},
	publisher = {Alfred Kröner},
	editor = {Feest, Christian F. and Kohl, Karl-Heinz},
	year = {2002},
	keywords = {Ethnology, Bibliography, Ethnologists, Bibliography}
}

@incollection{feest_adolf_2001,
	address = {Stuttgart},
	title = {Adolf {Wilhelm} {Philipp} {Bastian}},
	isbn = {9783520380012},
	booktitle = {Hauptwerke der {Ethnologie}},
	publisher = {Alfred Kröner},
	author = {Buchheit, Peter and Köpping, Klaus-Peter},
	editor = {Feest, Christian F. and Kohl, Karl-Heinz},
	year = {2001},
	keywords = {Ethnology, Bibliography, Ethnologists, Bibliography},
	pages = {19--25}
}

@book{crick_explorations_1976,
	address = {London},
	title = {Explorations in {Language} and {Meaning}: {Towards} a {Semantic} {Anthropology}},
	publisher = {Malaby Press},
	author = {Crick, Malcolm},
	year = {1976},
	keywords = {Anthropological linguistics, Semantics}
}

@incollection{deeters_vergleichende_1937,
	address = {Stuttgart},
	title = {Vergleichende {Sprachforschung}},
	booktitle = {Lehrbuch der {Völkerkunde}},
	publisher = {Ferdinand Enke Verlag},
	author = {Deeters, Gerhard},
	editor = {Preuss, Konrad Theodor},
	year = {1937},
	pages = {211--234}
}

@book{errington_linguistics_2008,
	address = {Malden, Mass./Oxford},
	title = {Linguistics in a {Colonial} {World}: {ASstory} of {Language}, {Meaning}, and {Power}},
	publisher = {Blackwell, Pub},
	author = {Errington, Joseph},
	year = {2008},
	keywords = {Linguistics, History, Colonies}
}

@book{eylmann_eingeborenen_1908,
	address = {Berlin},
	title = {Die {Eingeborenen} der {Kolonie} {Südaustralien}},
	publisher = {D. Reimer (Ernst Vohsen)},
	author = {Eylmann, Erhard},
	year = {1908}
}

@book{gellner_nations_1983,
	address = {Oxford},
	title = {Nations and {Nationalism}},
	publisher = {Blackwell},
	author = {Gellner, Ernest},
	year = {1983}
}

@incollection{barth_german-speaking_2005,
	address = {Chicago},
	title = {The {German}-{Speaking} {Countries}: {Ruptures}, {Schools} and {Nontraditions}: {Reassessing} the {History} of {Sociocultural} {Anthropology} in {Germany}},
	booktitle = {One {Discipline}, {Four} {Ways}: {British}, {German}, {French}, and {American} {Anthropology}},
	publisher = {Chicago University Press},
	author = {Gingrich, Andre},
	editor = {Barth, Fredrik and Parkin, Robert and Gingrich, Andre and Silverman, Sydel},
	year = {2005},
	keywords = {Anthropology, History, 19th century, Anthropology, History, 20th century, Anthropology, Philosophy},
	pages = {61--137}
}

@article{giustiniani_homo_1985,
	title = {Homo, {Humanus}, and the {Meanings} of 'humanism'},
	volume = {46},
	number = {2},
	journal = {Journal of the History of Ideas},
	author = {Giustiniani, Vito R.},
	year = {1985},
	pages = {167--195}
}

@book{hagen_preface_1991,
	address = {Frankfurt am Main},
	title = {Preface to {Carl} {Strehlow} '{Die} {Aranda}-und {Loritja}-{Stämme} in {Zentral}-{Australien}', {Part} {III}, {Section} 2. {The} {Totemic} cults of the {Loritja} tribe},
	publisher = {Joseph Baer und Co.},
	author = {Hagen, Bernard},
	year = {1991 [1911]},
	note = {(Translated by Hans Oberscheidt, 284-285.)
original-date: 1911}
}

@book{harmstorf_introduction_2004,
	address = {Victoria Park, Western Australia},
	title = {Introduction to {Herbert} {Basedow} (2004 [1935]). '{Knights} of the {Boomerang}: {Episodes} from a {Life} {Spent} {Among} the {Native} {Tribes} of {Australia}'},
	publisher = {Hesperian Press},
	author = {Harmstorf, Ian},
	year = {2004}
}

@article{hull_military_2005,
	title = {The {Military} {Campaign} in {German} {Southwest} {Africa} 1904-1907},
	volume = {37},
	number = {Autumn},
	journal = {Bulletin of the German Historical Institute},
	author = {Hull, Isabel V.},
	year = {2005},
	pages = {39--44}
}

@article{kempe_grammar_1891,
	title = {A {Grammar} and {Vocabulary} of the {Language} {Spoken} by the {Aborigines} of the {MacDonnell} {Ranges}, {South} {Australia}},
	volume = {14},
	journal = {Transactions of the Royal Society of South Australia},
	author = {Kempe, Hermann},
	year = {1891},
	pages = {1--54}
}

@book{kenny_arandas_2013,
	address = {Canberra},
	title = {The {Aranda}'s {Pepa}: {An} {Introduction} to {Carl} {Strehlow}'s {Masterpiece} '{Die} {Aranda}-und {Loritja}-{Stamme} in {Zentral} {Australien} (1907-1920)'},
	publisher = {ANU E Press},
	author = {Kenny, Anna},
	year = {2013}
}

@book{klaatsch_evolution_1923,
	address = {London},
	title = {The {Evolution} and {Progress} of {Mankind}},
	publisher = {T. Fischer Unwin Ltd.},
	author = {Klaatsch, Hermann},
	year = {1923}
}

@book{kluckhohn_anthropology_1961,
	address = {Providence},
	title = {Anthropology and the {Classics}},
	publisher = {Brown University Press},
	author = {Kluckhohn, Clyde},
	year = {1961}
}

@book{kopping_adolf_1983,
	address = {St. Lucia Qld},
	title = {Adolf {Bastian} and the {Psychic} {Unity} of {Mankind}: {The} {Foundations} of {Anthropology} in {Nineteenth} {Century} {Germany}},
	publisher = {University of Queensland Press},
	author = {Köpping, Klaus-Peter},
	year = {1983},
	keywords = {Bastian, Adolf, Ethnology, Philosophy, Ethnopsychology}
}

@book{latz_blind_2014,
	address = {Alice Springs},
	title = {Blind {Moses}, {Aranda} {Man} of {High} {Degree} and {Christian} {Evangelist}},
	publisher = {IAD Press},
	author = {Latz, Peter},
	year = {2014},
	keywords = {Uraiakuraia, Moses Tjalkabota, Hermannsburg Lutheran Mission Station, History, Aranda (Australian people), Biography, Aranda (Australian people), Missions, Australia Hermannsburg Region (N.T.), Hermannsburg (N.T.), History}
}

@article{leonhardi_uber_1907,
	title = {Über einige religiöse und totemische {Vorstellungen} der {Aranda} und {Loritja} in {Zentralaustralien}},
	volume = {91},
	journal = {Globus},
	author = {Leonhardi, Moritz Freiherr von},
	year = {1907},
	pages = {285--290}
}

@book{liberman_understanding_1985,
	address = {Boston, Mass.},
	title = {Understanding {Interaction} in {Central} {Australia}: {An} {Ethnomethodological} {Study} of {Australian} {Aboriginal} {People}},
	publisher = {Routledge \& Kegan Paul},
	author = {Liberman, Kenneth},
	year = {1985}
}

@book{marett_anthropology_1908,
	address = {Oxford},
	title = {Anthropology and the {Classics}: {Six} {Lectures} {Delivered} before the {University} of {Oxford}},
	publisher = {Clarendon},
	author = {Marett, Robert R.},
	year = {1908}
}

@book{stocking_volksgeist_1996,
	address = {Wisconsin},
	title = {Volksgeist as {Method} and {Ethic}: {Essays} on {Boasian} {Ethnography} and the {German} {Anthropological} {Tradition}},
	volume = {8},
	publisher = {University of Wisconsin Press},
	editor = {Stocking, George W},
	year = {1996}
}

@incollection{stocking_virchow_1996,
	address = {Wisconsin},
	title = {From {Virchow} to {Fischer}},
	booktitle = {Volksgeist as {Method} and {Ethic}: {Essays} on {Boasian} {Ethnography} and the {German} {Anthropological} {Tradition}},
	publisher = {University of Wisconsin Press},
	author = {Massin, Benoit},
	editor = {Stocking, George W},
	year = {1996},
	pages = {79--154}
}

@article{mathews_arranda_1907,
	title = {The {Arran}'da {Language}},
	volume = {46},
	number = {187},
	journal = {Proceedings of the American Philosophical Society},
	author = {Mathews, R. H.},
	year = {1907},
	pages = {322--339}
}

@book{mcgregor_imagined_1997,
	address = {Merlbourne},
	title = {Imagined {Destinies}: {Aboriginal} {Australians} and the {Doomed} {Race} {Rheory}, 1880-1939},
	publisher = {Melbourne University Press},
	author = {McGregor, Russell},
	year = {1997},
	keywords = {Aboriginal Australians, Public opinion, Aboriginal Australians, Social conditions, Aboriginal Australians, Government relations, Race awareness, Australia, Ethnic attitudes, Australia, Public opinion, Australia, Australia, Race relations}
}

@article{monteath_globalising_2013,
	title = {Globalising {German} {Anthropology}: {Erhard} {Eylmann} in {Australia}},
	volume = {37},
	number = {Special Issue 01},
	journal = {Itinerario},
	author = {Monteath, Peter},
	year = {2013},
	pages = {29--42}
}

@misc{moore_language_forthcoming,
	title = {Language {Ideologies} in {Central} {Australia} 1890-1910: {Reflections} of the {German} {Philosophy} of {Language}},
	author = {Moore, David},
	year = {forthcoming}
}

@incollection{harding_indigenous_2018,
	address = {London/New York},
	series = {Routledge handbooks in translation and interpreting studies},
	title = {Indigenous {Cultures} in {Translation}},
	booktitle = {The {Routledge} {Handbook} of {Translation} and {Culture}},
	publisher = {Routledge},
	author = {Moore, David and Ríos Castaño, Victoria},
	editor = {Harding, Sue-Ann and Carbonell i Cortés, Ovidi},
	year = {2018},
	keywords = {Translating and interpreting, Handbooks, manuals, etc, Translating services, Handbooks, manuals, etc, Language and culture, Handbooks, manuals, etc},
	pages = {327--346}
}

@book{mulvaney_my_1997,
	address = {Melbourne},
	title = {My {Dear} {Spencer}”: {The} {Letters} of {FJ} {Gillen} to {Baldwin} {Spencer}},
	publisher = {Hyland House Publishing Pty Ltd},
	editor = {Mulvaney, John and Morphy, Howard and Petch, Alison},
	year = {1997}
}

@book{nekes_lehrbuch_1911,
	address = {Berlin},
	title = {Lehrbuch der {Jaunde}-{Sprache}},
	publisher = {Georg Reimer},
	author = {Nekes, P. Hermann},
	year = {1911}
}

@inproceedings{nobbs_bush_2005,
	address = {Alice Springs},
	title = {The {Bush} {Missionary}’s {Defence}: {A} {Key} {Document} in the {History} of {Australian} {Mission} {Ethnography}},
	booktitle = {Occasional paper no. 4, ‘{Collaboration} and {Language}’},
	publisher = {Northern Territory Government},
	author = {Nobbs, Chris},
	year = {2005}
}

@article{oetteking_hermann_1916,
	title = {Hermann {Klaatsch}},
	volume = {18},
	number = {3},
	journal = {American Anthropologist, New Series},
	author = {Oetteking, Bruno},
	year = {1916},
	pages = {422--425}
}

@book{pike_language_1967,
	address = {The Hague},
	title = {Language in relation to a {Unified} {Theory} of the {Structure} of {Human} {Behavior}},
	language = {en},
	publisher = {Mouton},
	author = {Pike, Kenneth L.},
	year = {1967}
}

@book{planert_handbuch_1905,
	address = {Berlin},
	title = {Handbuch der {Nama}-{Sprache} in {Deutsch}-{Südwestafrika}},
	publisher = {Georg Reimer},
	author = {Planert, Wilhelm},
	year = {1905}
}

@book{planert_syntaktischen_1907,
	title = {Die syntaktischen {Verhältnisse} des {Suaheli}},
	publisher = {W. Süsserott},
	author = {Planert, Wilhelm},
	year = {1907}
}

@article{planert_australische_1907,
	title = {Australische {Forschungen}. 1) {I}. {Aranda}-{Grammatik}},
	volume = {39},
	number = {4/5},
	journal = {Zeitschrift fur Ethnologie},
	author = {Planert, Wilhelm},
	year = {1907},
	pages = {551--566}
}

@article{planert_erwiderung_1908,
	title = {Erwiderung},
	volume = {40},
	number = {5},
	journal = {Zeitschrift fur Ethnologie},
	author = {Planert, Wilhelm},
	year = {1908},
	pages = {703}
}

@book{poland_loose_1988,
	address = {Adelaide},
	title = {Loose {Leaves}: {Reminiscences} of a {Pioneer} {North} {Queensland} {Missionary}},
	publisher = {Lutheran Publishing House},
	author = {Poland, Wilhelm Georg Friedrich},
	year = {1988}
}

@article{preuss_review_1908,
	title = {Review of  '{Die} {Aranda} und {Loritja} {Staemme} in {Zentral}-{Australien}'},
	volume = {28},
	number = {11. July},
	journal = {Deutsche Literaturzeitung},
	author = {Preuss, Konrad Theodor},
	year = {1908}
}

@article{preuss_geographie_1909,
	title = {Geographie, {Länder} und {Völkerkunde}},
	volume = {22},
	number = {29. Mai},
	journal = {Deutsche Literaturzeitung},
	author = {Preuss, Konrad Theodor},
	year = {1909},
	pages = {1394--1397}
}

@book{preuss_lehrbuch_1937,
	address = {Stuttgart},
	title = {Lehrbuch der {Völkerkunde}},
	publisher = {Ferdinand Enke Verlag},
	editor = {Preuss, Konrad Theodor},
	year = {1937}
}

@book{pugach_africa_2012,
	address = {Michigan},
	title = {Africa in {Translation}: {A} {History} of {Colonial} {Linguistics} in {Germany} and beyond, 1814-1945},
	publisher = {University of Michigan Press},
	author = {Pugach, Sara},
	year = {2012},
	keywords = {Translating and interpreting, Africa, Translating and interpreting, Germany, Multilingualism, Africa, Intercultural communication, Africa, Sociolinguistics, Africa, Sociolinguistics, Germany}
}

@book{schleicher_sprachen_1983,
	address = {Amsterdam/Philadelphia},
	title = {Die {Sprachen} {Europas} in systematischer Übersicht: {Linguistische} {Untersuchungen} ({Bonn}, 1850)},
	volume = {4},
	publisher = {John Benjamins Publishing},
	author = {Schleicher, August},
	year = {1983 [1850]},
	note = {New edition with an introductory article by Ernst Frideryk Konrad Koerner
original-date: 1850}
}

@article{schmidt_stellung_1908,
	title = {Die {Stellung} der {Aranda} unter den australischen {Stämmen}},
	volume = {40},
	journal = {Zeitschrift fur Ethnologie},
	author = {Schmidt, P. Wilhelm},
	year = {1908},
	pages = {866--901}
}

@book{smith_politics_1991,
	address = {New York},
	title = {Politics and the {Sciences} of {Culture}},
	publisher = {Oxford University Press},
	author = {Smith, Woodruff D.},
	year = {1991},
	keywords = {Politics and culture, History, 19th century, Germany, Learning and scholarship, History, 20th century, Germany, Germany, Intellectual life, 19th century}
}

@book{spencer_wanderings_1928,
	address = {London},
	title = {Wanderings in {Wild} {Australia}},
	publisher = {Macmillian and Company},
	author = {Spencer, Baldwin},
	year = {1928}
}

@book{strehlow_aranda-und_1907,
	address = {Frankfurt am Main},
	title = {Die {Aranda}-und {Loritja}-{Stämme} in {Zentral}-{Australien}},
	publisher = {Joseph Baer und Co},
	author = {Strehlow, Carl},
	year = {1907-1920},
	note = {original-date: 1907-1920}
}

@book{strehlow_tale_2011,
	address = {London},
	title = {The {Tale} of {Frieda} {Keysser}. {Frieda} {Keysser} and {Carl} {Strehlow}: {An} {Historical} {Biography}},
	volume = {1: 1875-1910},
	publisher = {Wild Cat Press},
	author = {Strehlow, John},
	year = {2011}
}

@book{thomas_culture_2007,
	address = {Canberra},
	title = {Culture in {Translation}: {The} {Anthropological} {Legacy} of {R}.{H}. {Mathews}},
	publisher = {ANU E Press and Aboriginal History Incorporated},
	author = {Thomas, Martin},
	year = {2007}
}

@book{urry_before_1993,
	address = {Chur},
	title = {Before {Social} {Anthropology}},
	publisher = {Harwood Academic},
	author = {Urry, James},
	year = {1993},
	keywords = {Anthropology, History, Great Britain}
}

@incollection{wendt_missionare_2001,
	address = {Tübingen},
	title = {Missionare als {Ethnologen}. {Moritz} {Freiherr} von {Leonhardi}, australische {Mission} und europäische {Wissenschaft}},
	isbn = {9783823354338},
	shorttitle = {Sammeln, {Vernetzen}, {Auswerten}},
	booktitle = {Sammeln, {Vernetzen}, {Auswerten}: {Missionare} und ihr {Beitrag} zum {Wandel} europäischer {Weltsicht}},
	publisher = {Gunter Narr Verlag},
	author = {Völker, Harriet},
	editor = {Wendt, Reinhard},
	year = {2001},
	note = {OCLC: ocm47703265},
	keywords = {Missions, Sociological aspects, Missions, Anthropological aspects, Europeans, Attitudes History, Foreign countries},
	pages = {173--218}
}

@book{vossler_positivimus_1904,
	address = {Heidelberg},
	title = {Positivimus und {Idealismus} in der {Sprachwissenschaft}},
	publisher = {Carl Winter},
	author = {Vossler, Karl},
	year = {1904}
}

@book{zimmerman_anthropology_2001,
	address = {Chicago},
	title = {Anthropology and {Antihumanism} in {Imperial} {Germany}},
	publisher = {University of Chicago Press},
	author = {Zimmerman, Andrew},
	year = {2001},
	keywords = {Anthropology, History, 19th century, Germany, Humanism, History, 19th century, Germany, Science, History, 19th century, Germany}
}

@book{zogbaum_changing_2010,
	address = {North Melbourne, Vic.},
	title = {Changing {Skin} {Colour} in {Australia}: {Herbert} {Basedow} and the {Black} causian},
	publisher = {Australian Scholarly Publishing},
	author = {Zogbaum, Heidi},
	year = {2010}
}

@incollection{wendt_was_2001,
	address = {Tübingen},
	title = {Was hat die gegenwärtige {Mission} für die {Sprachwissenschaft} geleistet?},
	isbn = {9783823354338},
	shorttitle = {Sammeln, {Vernetzen}, {Auswerten}},
	booktitle = {Sammeln, {Vernetzen}, {Auswerten}. {Missionare} und ihr {Beitrag} zum {Wandel} europäischer {Weltsicht}},
	publisher = {Gunter Narr Verlag},
	author = {Kneebone, Heidi},
	editor = {Wendt, Reinhard},
	year = {2001},
	keywords = {Missions, Sociological aspects, Missions, Anthropological aspects, Europeans, Attitudes History, Foreign countries},
	pages = {145--172}
}
%chapter 10

@article{arbois_de_jubainville_langue_1887,
	title = {La langue latine en {Gaule}, leçon d’ouverture du cours de grammaire celtique au {Collège} de {France}},
	volume = {1},
	journal = {RPGR},
	author = {Arbois de Jubainville, Henri d'},
	year = {1887},
	pages = {161--171}
}

@article{ascoli_trascrizioni_1873,
	title = {Trascrizioni},
	volume = {1},
	journal = {Archivio Glottologico Italiano},
	author = {Ascoli, Grazadio Isaia},
	year = {1873},
	pages = {XLII--XLVIII}
}

@book{auroux_histoire_1996,
	address = {Paris},
	title = {Histoire et grammaire du sens: hommage à {Jean}-{Claude} {Chevalier}},
	publisher = {A. Colin},
	editor = {Auroux, Sylvain and Delesalle, Simone and Meschonnic, Henri},
	year = {1996},
	keywords = {Linguistics, History, Historical linguistics}
}

@article{bergounioux_science_1984,
	title = {La science du langage en {France} de 1870 à 1885 : du marché civil au marché étatique},
	volume = {63},
	journal = {Langue française},
	author = {Bergounioux, Gabriel},
	year = {1984},
	pages = {7--41}
}

@article{bergounioux_enseignement_1990,
	title = {L'enseignement de la linguistique et de la philologie en {France} au {XIXe} siècle (1845-1897)},
	volume = {2},
	journal = {Archives et documents de la SHESL},
	author = {Bergounioux, Gabriel},
	year = {1990},
	pages = {2}
}

@incollection{auroux_definition_1996,
	address = {Paris},
	title = {La définition de la langue au {XIXe} : science et politique},
	booktitle = {Histoire et grammaire du sens : hommage à {Jean}-{Claude} {Chevalier}},
	publisher = {A. Colin},
	author = {Bergounioux, Gabriel},
	editor = {Auroux, Sylvain and Delesalle, Simone and Meschonnic, Henri},
	year = {1996},
	keywords = {Linguistics, History, Historical linguistics},
	pages = {72--85}
}

@article{bergounioux_societe_1997,
	title = {La {Société} de {Linguistique} de {Paris} (1876-1914)},
	volume = {XCII},
	number = {1},
	journal = {Bulletin de la Société de Linguistique de Paris},
	author = {Bergounioux, Gabriel},
	year = {1997},
	pages = {1--26}
}

@article{bergounioux_les_2002,
	title = {Les enjeux de la fondation de la '{Revue} des {Langues} {Romanes}'},
	volume = {CV},
	number = {1},
	journal = {Revue des Langues Romanes},
	author = {Bergounioux, Gabriel},
	year = {2002},
	pages = {385--407}
}

@article{bohmer_sonis_1871,
	title = {De sonis grammaticis accuratius distinguendis et notandis},
	volume = {I},
	journal = {Romanische Studien},
	author = {Böhmer, Eduard},
	year = {1871},
	pages = {295--301}
}

@book{boyer_dix_2001,
	address = {Paris},
	title = {Dix siècles d'usages et d'images de l'occitan: des troubadours à l'{Internet}},
	publisher = {L'Harmattan},
	author = {Boyer, Henri and Gardy, Philippe},
	year = {2001},
	keywords = {Provençal language, History, Occitan language, History, Sociolinguistics}
}

@book{brun-trigaud_croissant_1990,
	address = {Lyon},
	title = {Le {Croissant} : le {Concept} et le {Mot}, contribution à l’histoire de la dialectologie française au {XIXe} siècle},
	publisher = {Université Lyon 3, Centre d’Études Linguistiques Jacques Goudet},
	author = {Brun-Trigaud, Guylaine},
	year = {1990}
}

@book{brunot_histoire_1905,
	address = {Paris},
	title = {Histoire de la langue française},
	publisher = {A. Colin [les 9 tomes publiés du vivant de l’auteur]},
	author = {Brunot, Ferdinand},
	year = {1905-1937},
	note = {original-date: 1905-1937}
}

@book{chevalier_combats_2006,
	address = {Lyon},
	series = {Collection {Langages}},
	title = {Combats pour la linguistique, de {Martinet} à {Kristeva}. {Essai} de dramaturgie épistémologique},
	publisher = {ENS Éditions},
	author = {Chevalier, Jean-Claude and Encrevé, Pierre},
	year = {2006},
	keywords = {Linguists, France, Interviews, Linguistics, History, France, Structural linguistics, History, France, French language, Research History}
}

@article{cordereix_ferdinand_2001,
	title = {Ferdinand {Brunot}, le phonographe et les 'patois'},
	volume = {29},
	number = {1-3},
	journal = {Le Monde alpin et rhodanien},
	author = {Cordereix, Pascal},
	year = {2001},
	pages = {39--54}
}

@book{desmet_linguistique_1996,
	address = {Leuven},
	series = {Orbis/{Supplementa}},
	title = {La linguistique naturaliste en {France} (1867-1922). {Origine}, nature et évolution du langage},
	number = {6},
	publisher = {Peeters},
	author = {Desmet, Piet},
	year = {1996},
	keywords = {Historical linguistics, History, 19th century, France, Historical linguistics, History, 20th century, France}
}

@article{edmont_lexique_1887,
	title = {Lexique saint-polois},
	volume = {I.49–96, 209–224. II.113–147. III.221–236, 304–307. IV.40–62, 265–282. V.7–144},
	journal = {RPGR},
	author = {Edmont, Edmond},
	year = {1887},
	note = {1887-1892}
}

@book{edmont_lexique_1897,
	address = {Mâcon},
	title = {Lexique saint-polois},
	publisher = {Protat},
	author = {Edmont, Edmond},
	year = {1897}
}

@book{gillieron_patois_1880,
	address = {Paris},
	series = {Bibliothèque de l’École des {Hautes} Études},
	title = {Patois de la commune de {Vionnaz} ({Bas}-{Valais})},
	publisher = {Vieweg},
	author = {Gilliéron, Jules},
	year = {1880}
}

@book{gillieron_petit_1881,
	address = {Paris},
	title = {Petit atlas phonétique du {Valais} roman},
	publisher = {Champion},
	author = {Gilliéron, Jules},
	year = {1881}
}

@article{gillieron_melanges_1888,
	title = {Mélanges savoyards},
	volume = {2},
	journal = {RPGR},
	author = {Gilliéron, Jules},
	year = {1888},
	pages = {31--37}
}

@book{gillieron_genealogie_1918,
	address = {Paris},
	title = {Généalogie des mots qui désignent l’abeille},
	publisher = {Champion},
	author = {Gilliéron, Jules},
	year = {1918}
}

@book{gillieron_atlas_1902,
	address = {Paris},
	title = {Atlas linguistique de la {France}},
	publisher = {Champion},
	author = {Gilliéron, Jules and Edmont, Edmon},
	year = {1902-1910},
	note = {original-date: 1902-1910}
}

@book{gillieron_scier_1905,
	address = {Paris},
	title = {Scier dans la {Gaule} romane du sud et de l’est},
	publisher = {Champion},
	author = {Gilliéron, Jules and Mongin, Jean},
	year = {1905}
}

@book{gillieron_revue_1887,
	address = {Paris/Neuchâtel},
	title = {Revue des {Patois} {Gallo}-{Romans}},
	publisher = {Champion/Attinger (1887-1888) \& Paris : H. Welter (1890-1892)},
	author = {Gilliéron, Jules and Rousselot, Pierre-Jean},
	year = {1887-1892},
	note = {original-date: 1887-1892}
}

@book{jaubert_glossaire_1856,
	address = {Paris},
	title = {Glossaire du centre de la {France}},
	publisher = {N. Chaix},
	author = {Jaubert, Hippolyte},
	year = {1856-1858},
	note = {original-date: 1856-1858}
}

@book{kremnitz_histoire_2013,
	address = {Rennes},
	title = {Histoire sociale des langues de {France}},
	publisher = {Presses Universitaires de Rennes},
	editor = {Kremnitz, Georg and Broudic, Fañch},
	year = {2013}
}

@article{nougaret_patois_1890,
	title = {Patois de {Bédarieux} ({Hérault})},
	volume = {III},
	journal = {RPGR},
	author = {Nougaret, F.},
	year = {1890},
	pages = {216--220}
}

@article{paris_les_1888,
	title = {Les parlers de {France}},
	journal = {RPGR},
	author = {Paris, Gaston},
	year = {1888},
	pages = {161--175}
}

@article{rabiet_patois_1887,
	title = {Le patois de {Bourberain} ({Côte} d’{Or})},
	volume = {I},
	journal = {RPGR},
	author = {Rabiet, Eugène},
	year = {1887},
	pages = {241--255}
}

@book{raynouard_lexique_1838,
	address = {Paris},
	title = {Lexique roman ou dictionnaire de la langue des troubadours comparée avec les autres langues de l’{Europe} latine},
	publisher = {Silvestre},
	author = {Raynouard, François Just Marie},
	year = {1838-1844},
	note = {original-date: 1838-1844}
}

@article{rousselot_introduction_1887,
	title = {Introduction à l’étude des patois},
	volume = {I},
	journal = {RPGR},
	author = {Rousselot, Pierre-Jean},
	year = {1887},
	pages = {1--22}
}

@book{rousselot_les_1891,
	address = {Paris},
	title = {Les modifications phonétiques du langage étudiées dans le patois d’une famille de {Cellefrouin} ({Charente})},
	publisher = {Welter},
	author = {Rousselot, Pierre-Jean},
	year = {1891}
}

@book{rousselot_principes_1897,
	address = {Paris/Leipzig},
	title = {Principes de phonétique expérimentale},
	publisher = {Welter},
	author = {Rousselot, Pierre-Jean},
	year = {1897-1908},
	note = {original-date: 1897-1908}
}

@article{thomas_rapport_1879,
	title = {Rapport sur une mission philologique dans le département de la {Creuse}},
	volume = {3e série},
	number = {5},
	journal = {Archives des missions scientifiques et littéraires},
	author = {Thomas, Antoine},
	year = {1879},
	pages = {423--471}
}

@book{tourtoulon_etude_1876,
	address = {Paris},
	title = {Étude sur la limite géographique de la langue d’oc et de la langue d’oïl},
	publisher = {Imprimerie Nationale},
	author = {Tourtoulon, Charles de and Bringuier, Octavien},
	year = {1876}
}
%chapter 11

@incollection{benveniste_mithra_2015,
	address = {Limoges},
	title = {Mithra aux vastes pâturages},
	booktitle = {Langues, cultures, religions. {Choix} d’articles réunis par {Chloé} {Laplantine} et {Georges}-{Jean} {Pinault}},
	publisher = {Lambert-Lucas},
	author = {Benveniste, Émile},
	year = {2015 [1960]},
	note = {original-date: 1960},
	pages = {277--286}
}

@book{benveniste_problemes_1966,
	address = {Paris},
	title = {Problèmes de linguistique générale},
	volume = {I},
	publisher = {Gallimard},
	author = {Benveniste, Émile},
	year = {1966}
}

@book{benveniste_vocabulaire_1969,
	address = {Paris},
	title = {Le vocabulaire des institutions indo-européennes},
	volume = {I},
	publisher = {Minuit},
	author = {Benveniste, Émile},
	year = {1969}
}

@incollection{lincoln_oaths_2012,
	address = {Paris/Athènes},
	series = {Mètis},
	title = {Oaths, {Vows}, and the {God}: {Religious} {Attempts} to {Stabilize} {Language}},
	number = {10},
	booktitle = {Dossier: {Serments} et paroles efficaces},
	publisher = {Editions de l'EHESS/Daedalus},
	author = {Lincoln, Bruce},
	year = {2012},
	pages = {11--22}
}

@incollection{fenoglio_lanthropologie_2016,
	address = {Paris},
	title = {L’anthropologie d’Émile {Benveniste}},
	booktitle = {Autour d'{E}́mile {Benveniste}. {Sur} l'écriture},
	publisher = {Seuil},
	author = {Malamoud, Charles},
	editor = {Fenoglio, Irène and Coquet, Jean-Claude and Kristeva, Julia and Malamoud, Charles and Quignard, Pascal},
	year = {2016},
	keywords = {Benveniste, Émile},
	pages = {237--266}
}

@book{mayrhofer_etymologisches_1996,
	address = {Heidelberg},
	title = {Etymologisches {Wo}̈rterbuch des {Altindoarischen}},
	volume = {2},
	publisher = {Universitätsverlag Winter},
	author = {Mayrhofer, Manfred},
	year = {1996},
	keywords = {Sanskrit language, Etymology, Dictionaries, Sanskrit language, German, Dictionaries}
}


@article{meillet_dieu_1907-1,
	title = {Le dieu indo-iranien {Mitra}},
	volume = {10},
	journal = {Journal Asiatique},
	author = {Meillet, Antoine},
	year = {1907},
	pages = {143--159}
}

@article{monod-becquelin_meillet_1988,
	title = {Meillet, {Benveniste} et l'ethnolinguistique},
	volume = {10},
	number = {2},
	journal = {Histoire Épistémologie Langage},
	author = {Monod-Becquelin, Aurore},
	year = {1988},
	pages = {141--153}
}

@article{schmidt_mithra_2006,
	title = {Mithra i. {Mitra} in {Old} {Indian} and {Mithra} in {Old} {Iranian}},
	url = {http://www.iranicaonline.org/articles/mithra-i.},
	number = {15 agosto},
	journal = {Encyclopædia Iranica},
	author = {Schmidt, Hanns-Peter},
	year = {2006}
}

@book{watkins_how_1995,
	address = {Oxford, N.Y.},
	title = {How to kill a {Dragon}. {Aspects} of {Indo}-{European} {Poetics}},
	publisher = {Oxford University Press},
	author = {Watkins, Calvert},
	year = {1995},
	keywords = {Indo-European philology, Poetics, Comparative linguistics}
}
%chapter 12

@article{arrive_quen_2007,
	title = {Qu'en est-il du signe chez {Ferdinand} de {Saussure} ?},
	volume = {29},
	language = {fr},
	number = {2},
	journal = {Journal français de psychiatrie},
	author = {Arrivé, Michel},
	year = {2007},
	pages = {39--41}
}

@article{auroux_deux_1985,
	title = {Deux hypothèses sur l’origine de la conception saussurienne de la valeur linguistique},
	volume = {23},
	number = {1},
	journal = {Travaux de linguistique et de littérature},
	author = {Auroux, Sylvain},
	year = {1985},
	pages = {295--299}
}

@book{aurora_filosofia_2017,
	address = {Padova},
	title = {Filosofia e scienze nel primo {Husserl}. {Per} una interpretazione strutturalista delle {Ricerche} logiche},
	publisher = {Cleup},
	author = {Aurora, Simone},
	year = {2017}
}

@book{baudrillard_pour_1972,
	address = {Paris},
	title = {Pour une critique de l'économie politique du signe},
	publisher = {Gallimard},
	author = {Baudrillard, Jean},
	year = {1972}
}

@book{benoist_itineraire_2013,
	address = {Paris},
	title = {L'itinéraire de {Tran} {Duc} {Thao}. {Phe}́noménologie et transfert culturel},
	publisher = {Armand Colin},
	editor = {Benoist, Jocelyn and Espagne, Michel},
	year = {2013},
	keywords = {Trà̂n, Đức Thảo, Phenomenology}
}

@article{bouquet_semiologie_1992,
	title = {La sémiologie linguistique de {Saussure} : une théorie paradoxale de la référence?},
	volume = {26},
	number = {107},
	journal = {Langages},
	author = {Bouquet, Simon},
	year = {1992},
	pages = {84--95}
}

@book{bouquet_introduction_1997,
	address = {Paris},
	title = {Introduction à la lecture de {Saussure}},
	publisher = {Payot},
	author = {Bouquet, Simon},
	year = {1997}
}

@article{bourdieu_leconomie_1977,
	title = {L'économie des échanges linguistiques},
	volume = {34},
	number = {1},
	journal = {Langue française},
	author = {Bourdieu, Pierre},
	year = {1977},
	pages = {17--34}
}

@book{bright_international_1992,
	address = {New York},
	title = {International {Encyclopedia} of {Linguistics}},
	publisher = {Oxford University Press},
	editor = {Bright, William},
	year = {1992},
	keywords = {Linguistics, Encyclopedias}
}

@article{caveing_recherche_1974,
	title = {‘{Recherche} sur l’{Origine} du {Langage} et de la {Conscience}’ par {Tran} {Duc} {Thao}},
	volume = {31},
	journal = {Raison Présente},
	author = {Caveing, Maurice},
	year = {1974},
	pages = {118--124}
}

@misc{chiss_structuralisme_2015,
	title = {Structuralisme},
	url = {http://www.universalis.fr/encyclopedie/structuralisme/},
	journal = {Encyclopædia Universalis},
	author = {Chiss, Jean-Louis and Izard, Michel and Puech, Christian},
	year = {2015},
	note = {(ultimo accesso 21 ottobre 2015)}
}

@book{coursil_valeurs_2015,
	address = {Limoges},
	title = {Valeurs pures. {Le} paradigme sémiotique de {Ferdinand} de {Saussure}},
	publisher = {Lambert Lucas},
	author = {Coursil, Jacques},
	year = {2015},
	keywords = {Saussure, Ferdinand de, Semiotics}
}

@incollection{de_mauro_note_2011,
	address = {Roma-Bari},
	series = {Biblioteca {Universale} {Laterza}},
	title = {Note di {Tullio} {De} {Mauro}},
	number = {79},
	booktitle = {Corso di linguistica generale},
	publisher = {Laterza},
	author = {De Mauro, Tullio},
	editor = {De Mauro, Tullio},
	translator = {De Mauro, Tullio},
	collaborator = {de Saussure, Ferdinand},
	year = {2011},
	pages = {365--456}
}

@book{de_palo_saussure_2016,
	address = {Roma},
	title = {Saussure e gli strutturalismi. {Il} soggetto parlante nel pensiero linguistico del {Novecento}},
	publisher = {Carocci},
	author = {De Palo, Marina},
	year = {2016}
}

@book{dosse_histoire_1991,
	address = {Paris},
	title = {Histoire du {Structuralisme}},
	volume = {1: le champ du signe, 1945-1966},
	publisher = {La découverte},
	author = {Dosse, François},
	year = {1991},
	note = {(ristampa 2012)},
	keywords = {Structuralism, History}
}

@book{dosse_histoire_1992,
	address = {Paris},
	title = {Histoire du {Structuralisme}},
	volume = {2: le chant du cygne, 1967 à nos jours},
	publisher = {La découverte},
	author = {Dosse, François},
	year = {1992},
	note = {(ristampa 2012)},
	keywords = {Structuralism, History}
}

@book{eco_struttura_1968,
	address = {Milano},
	title = {La struttura assente.},
	publisher = {Bompiani},
	author = {Eco, Umberto},
	year = {1968}
}

@book{eco_semiotica_1984,
	address = {Torino},
	title = {Semiotica e filosofia del linguaggio},
	publisher = {Einaudi},
	author = {Eco, Umberto},
	year = {1984},
	keywords = {Semiotics, Language and languages, Philosophy}
}

@article{federici_viet_1970,
	title = {Viet {Cong} {Philosophy}: {Tran} {Due} {Thao}},
	volume = {6},
	language = {en},
	journal = {Telos},
	author = {Federici, Silvia},
	year = {1970},
	pages = {104--117}
}

@misc{feron_qui_2014,
	title = {Qui est {Tran} {Duc} {Thao}? {Vie} et œuvre d’un philosophe vietnamien},
	url = {http://www.contretemps.eu/interventions/qui-est-tr%E1%BA%A7n-%C4%91%E1%BB%A9c-th%E1%BA%A3o%C2%A0-vie-%C5%93uvre-dun-philosophe-vietnamien },
	journal = {Contretemps Blog},
	author = {Feron, Alexandre},
	year = {2014}
}

@article{frederic_tran_1974,
	title = {Tran {Duc} {Thao} et les {Recherches} sur l’{Origine} et le {Développement} du {Langage}},
	volume = {174},
	journal = {La Pensée},
	author = {Frédéric, François},
	year = {1974},
	pages = {32--52}
}

@incollection{giao_ecrits_1988,
	address = {Paris},
	title = {Ecrits et repères biographiques},
	volume = {1},
	booktitle = {La philosophie de {Staline}},
	publisher = {Editions May},
	author = {Giao, Nguyên Ngọc},
	collaborator = {Thảo , T. Đ.},
	year = {1988},
	pages = {57--60}
}

@book{godel_les_1957,
	address = {Genève},
	title = {Les sources manuscrites du '{Cours} de linguistique générale'},
	publisher = {Droz},
	author = {Godel, Robert},
	year = {1957}
}

@article{goux_marx_1968,
	title = {Marx et l’inscription du travail},
	volume = {33},
	journal = {Tel Quel},
	author = {Goux, Jean-Joseph},
	year = {1968},
	pages = {188--211}
}

@inproceedings{hasler_notion_2007,
	address = {Genf},
	title = {La notion de valeur saussurienne: continuité ou innovation?},
	booktitle = {Vortrag auf der {Tagung} {Révolutions} {Saussuriennes}},
	publisher = {senza editore},
	author = {Haßler, Gerda},
	year = {2007}
}

@article{haudricourt_tran_1974,
	title = {Tran {Duc} {Thao}: ‘{Recherche} sur l’{Origine} du {Langage} et de la {Conscience}’ },
	volume = {173},
	journal = {La Pensée },
	author = {Haudricourt, André},
	year = {1974},
	pages = {136}
}

@incollection{hemery_itineraire_2013,
	address = {Paris},
	title = {Itinéraire {I}. {Premier} exil},
	booktitle = {L’itinéraire de {Tran} {Duc} {Thao}. {Phénoménologie} et transfert culturel},
	publisher = {Armand Colin},
	author = {Hémery, Daniel},
	editor = {Benoist, Jocelyn and Espagne, Michel},
	year = {2013},
	pages = {47--61}
}

@incollection{sanders_linguistic_2004,
	address = {Cambridge},
	title = {The linguistic sign},
	booktitle = {The {Cambridge} {Companion} to {Saussure}},
	publisher = {Cambridge University Press},
	author = {Joseph, John},
	editor = {Sanders, Carol},
	year = {2004},
	keywords = {Saussure, Ferdinand de, Linguistics},
	pages = {59--75}
}

@article{joseph_saussures_2014,
	title = {Saussure’s {Value}(s)},
	volume = {34},
	number = {1-3},
	journal = {Recherches sémiotiques},
	author = {Joseph, John},
	year = {2014},
	pages = {191--208}
}

@book{koerner_ferdinand_1973,
	address = {Braunschweig},
	series = {Schriften zur {Linguistik}},
	title = {Ferdinand de {Saussure}. {Origin} and {Development} of his {Linguistic} {Thought} in {Western} {Studies} of {Language}: {A} contribution to the history and theory of linguistics},
	number = {7},
	publisher = {Vieweg and Teubner Verlag},
	author = {Koerner, Ernst Frideryk Konrad},
	year = {1973}
}

@article{laks_phonotactique_2012,
	title = {La phonotactique saussurienne - {Système} et loi de la valeur},
	volume = {185},
	number = {1},
	journal = {Langages},
	author = {Laks, Bernard},
	year = {2012},
	pages = {91--108}
}

@article{latouche_linguistique_1973,
	title = {Linguistique et économie politique},
	volume = {28},
	number = {1},
	journal = {L'Homme et la société},
	author = {Latouche, Serge},
	year = {1973},
	pages = {51--70}
}

@book{lefebvre_langage_1966,
	address = {Paris},
	title = {Le langage et la société},
	publisher = {Gallimard},
	author = {Lefebvre, Henri},
	year = {1966}
}

@book{lefebvre_au-a_1971,
	address = {Paris},
	title = {Au-delà du structuralisme},
	publisher = {Editions Anthropos},
	author = {Lefebvre, Henri},
	year = {1971}
}

@inproceedings{leon_historiographie_2013,
	address = {Paris},
	title = {Historiographie du structuralisme généralisé. Étude comparative},
	url = {https://hal.archives-ouvertes.fr/hal-01311964},
	booktitle = {Les dossiers d’{HEL} 3},
	publisher = {Société d’Histoire et d’Épistémologie des Sciences du Langage},
	author = {Léon, Jaqueline},
	year = {2013},
	note = {(ultimo accesso 5 gennaio 2018)}
}

@book{lepschy_linguistica_1966,
	address = {Torino},
	title = {La linguistica strutturale},
	publisher = {Einaudi},
	author = {Lepschy, Guilio},
	year = {1966}
}

@book{malmkjaer_linguistics_1991,
	address = {London/New York},
	title = {The {Linguistics} {Encyclopedia}},
	publisher = {Routledge},
	editor = {Malmkjær, Kirsten},
	year = {1991},
	keywords = {Linguistics, Dictionaries}
}

@book{marx_kapital._1867,
	address = {Hamburg},
	title = {Das {Kapital}. {Kritik} der politischen {Oekonomie}. {Erster} {Band}. {Buch} {I}. {Der} {Produktionsprocess} des {Kapitals}},
	publisher = {Otto Meissner},
	author = {Marx, Karl},
	year = {1867}
}

@book{marx_marx-engels-werke_1958,
	address = {Berlin},
	series = {{MEW} },
	title = {Marx-{Engels}-{Werke}},
	volume = {III. Schriften 1845–1846},
	number = {3},
	publisher = {Dietz Verlag},
	author = {Marx, Karl and Engels, Friedrich},
	year = {1958}
}

@article{paolucci_identite_2012,
	title = {Identité, sémantique, valeur. {L}’actualité de {Saussure} pour la sémiotique},
	volume = {65},
	journal = {Cahiers Ferdinand de Saussure},
	author = {Paolucci, Claudio},
	year = {2012},
	pages = {81--102}
}

@inproceedings{ponzio_valeur_2005,
	address = {Budapest},
	title = {Valeur linguistique et valeur marchande. {Saussure}, {Chomsky}, {Schaff}, {Rossi}-{Landi}},
	url = {www.ferrucciorossilandi.com/PDF/Ponzio2__copia},
	abstract = {(ultimo accesso 5 gennaio 2018)},
	booktitle = {Conférence plénière prononcée à l’{International} {Symposium}, {Language}, {Literature} and {Semiotics}},
	author = {Ponzio, Augusto},
	year = {2005}
}

@incollection{ponzio_linguistica_2015,
	address = {Milano},
	title = {Linguistica saussuriana ed economia politica},
	booktitle = {Scienze dei linguaggi e linguaggi delle scienze. {Intertestualità}, interferenze, mutuazioni},
	publisher = {Mimesis},
	author = {Ponzio, Augusto},
	editor = {Petrilli, Susan},
	year = {2015},
	pages = {27--42}
}

@inproceedings{puech_lesprit_2013,
	address = {Paris},
	title = {L’esprit de {Saussure}: réception et héritage (l’héritage linguistique saussurien: {Paris} contre {Genève})},
	url = {https://hal.archives-ouvertes.fr/hal-01311898},
	booktitle = {Les dossiers d’{HEL} 3},
	publisher = {Societé d'Histoire et Epistémologie des Sciences du Langage},
	author = {Puech, Christian},
	year = {2013},
	note = {(ultimo accesso 5 gennaio 2018)}
}

@inproceedings{puech_presentation_2013,
	address = {Paris},
	title = {Présentation du dossier: est-il temps de faire l’histoire des structuralismes?},
	url = {https://hal.archives-ouvertes.fr/hal-01311869/},
	booktitle = {Les dossiers d'{Hel} 3},
	publisher = {Société d’Histoire et Epistémologie des Sciences du Langage},
	author = {Puech, Christian},
	year = {2013},
	note = {(ultimo accesso 5 gennaio 2018)}
}

@article{rastier_valeur_2002,
	title = {Valeur saussurienne et valeur monétaire},
	volume = {95},
	journal = {L'information grammaticale},
	author = {Rastier, François},
	year = {2002},
	pages = {46--50}
}

@book{rossi-landi_linguistics_1977,
	address = {The Hague},
	series = {Janua {Linguarum}, {Series} {Maior}},
	title = {Linguistics and {Economics} [1970-1971]},
	number = {81},
	publisher = {Mouton},
	author = {Rossi-Landi, Ferruccio},
	year = {1977 [1974]},
	note = {(originally published in Volume XII: Linguistics and adjacent arts and sciences, of Current Trends in Linguistics, 1787-2017. The Hague: Mouton, 1974.)}
}

@book{rossi-landi_il_2003,
	address = {Milano},
	title = {Il linguaggio come lavoro e come mercato. {Una} teoria della produzione e dell'alienazione linguistiche},
	publisher = {Bompiani},
	author = {Rossi-Landi, Ferruccio},
	year = {2003 [1968]},
	note = {original-date: 1968}
}

@book{rossi-landi_linguistica_2016,
	address = {Mimesis},
	title = {Linguistica ed economia},
	publisher = {Milano},
	author = {Rossi-Landi, Ferruccio},
	year = {2016}
}

@book{saussure_cours_1968,
	address = {Wiesbaden},
	title = {Cours de linguistique générale. Édition critique par {Rudolf} {Engler}},
	volume = {1},
	shorttitle = {{CLG}/{E}.},
	publisher = {Harrassowitz},
	author = {Saussure, Ferdinand de},
	year = {1968},
	note = {[= CLG/E.]}
}

@book{saussure_ecrits_2002,
	address = {Paris},
	title = {Écrits de linguistique générale. {Texte} établi par {S}. {Bouquet} et {R}. {Engler}},
	shorttitle = {{ELG}.},
	publisher = {Gallimard},
	author = {Saussure, Ferdinand de},
	year = {2002},
	note = {[= ELG.]},
	keywords = {Linguistics}
}

@book{schaff_introduction_1968,
	address = {Paris},
	title = {Introduction à la sémantique},
	publisher = {Anthropos},
	author = {Schaff, Adam},
	translator = {Lisowski, G.},
	year = {1968},
	note = {Traduzione dal polacco da G. Lisowski}
}

@book{seve_structuralisme_1984,
	address = {Paris},
	title = {Structuralisme et dialectique},
	publisher = {Editions Sociales},
	author = {Sève, Lucien},
	year = {1984},
	keywords = {Structuralism, Dialectic}
}

@article{sljusareva_notion_1980,
	title = {Notion of {Value} ({Valeur}). {The} {Heart} of {F}. de {Saussure}'s {Theory} of {Language}},
	volume = {33},
	number = {5},
	journal = {Zeitschrift für Phonetik, Sprachwissenschaft und Kommunikationsforschung},
	author = {Sljusareva, Natalija A.},
	year = {1980},
	pages = {541--545}
}

@incollection{sofia_petite_2013,
	address = {Louvain-La-Neuve},
	title = {Petite histoire de la notion saussurienne de la valeur},
	booktitle = {Espaces théoriques du langage – {Des} parallèles floues},
	publisher = {Academia},
	author = {Sofia, Estanislao},
	editor = {Normand, Claudine and Sofia, Estanislao},
	year = {2013},
	pages = {29--64}
}

@article{swiggers_girard_1982,
	title = {De {Girard} à {Saussure}. {Sur} l’histoire du terme ‘valeur’ en linguistique},
	volume = {20},
	number = {1},
	journal = {Travaux de linguistique et littérature},
	author = {Swiggers, Pierre},
	year = {1982},
	pages = {325--331}
}

@article{thao_marxisme_1946,
	title = {Marxisme et phénoménologie},
	volume = {2},
	journal = {Revue Internationale},
	author = {Thao, Tran Duc},
	year = {1946},
	pages = {68--174}
}

@article{thao_existentialisme_1949,
	title = {Existentialisme et matérialisme dialectique},
	volume = {58},
	number = {2-3},
	journal = {Revue de Métaphysique et de Morale},
	author = {Thao, Tran Duc},
	year = {1949},
	pages = {317--329}
}

@article{thao_les_1950,
	title = {Les origines de la réduction phénoménologique chez {Husserl}},
	volume = {3},
	journal = {Deucalion},
	author = {Thao, Tran Duc},
	year = {1950},
	pages = {128--142}
}

@book{thao_phenomenologie_1951,
	address = {Paris},
	title = {Phénoménologie et matérialisme dialectique},
	shorttitle = {{PMD}},
	publisher = {Minh Tan},
	author = {Thao, Tran Duc},
	year = {1951},
	note = {[=PMD]}
}

@article{thao_mouvement_1966,
	title = {Le mouvement de l’indication comme forme originaire de la conscience},
	volume = {128},
	journal = {La Pensée},
	author = {Thao, Tran Duc},
	year = {1966},
	pages = {3--24}
}

@article{thao_du_1969,
	title = {Du geste de l’index à l’image typique ({I})},
	volume = {147},
	journal = {La Pensée},
	author = {Thao, Tran Duc},
	year = {1969},
	pages = {3--46}
}

@article{thao_du_1970,
	title = {Du geste de l’index à l’image typique ({III}). {L}’alvéole de la dialectique de la connaissance},
	volume = {149},
	journal = {La Pensée},
	author = {Thao, Tran Duc},
	year = {1970},
	pages = {93--106}
}

@article{thao_du_1969-1,
	title = {Du geste de l’index à l’image typique ({II}). {Naissance} du langage},
	volume = {148},
	journal = {La Pensée},
	author = {Thao, Tran Duc},
	year = {1969},
	pages = {71--111}
}

@book{thao_recherches_1973,
	address = {Paris},
	title = {Recherches sur l’origine du langage et de la conscience},
	shorttitle = {{RLC}},
	publisher = {Éditions Sociales},
	author = {Thao, Tran Duc},
	year = {1973},
	note = {[= RLC]}
}

@article{thao_phenomenologie_1974,
	title = {De la phénoménologie à la dialectique matérialiste de la conscience ({I})},
	volume = {79-80},
	journal = {La Nouvelle Critique},
	author = {Thao, Tran Duc},
	year = {1974},
	pages = {37--42}
}

@article{thao_phenomenologie_1975,
	title = {De la phénoménologie à la dialectique matérialiste de la conscience ({II})},
	volume = {86},
	journal = {La Nouvelle Critique},
	author = {Thao, Tran Duc},
	year = {1975},
	pages = {23--29}
}

@book{thao_formation_1991,
	address = {Paris},
	title = {La formation de l’homme. {Introduction} à l’origine de la société, du langage et de la conscience},
	publisher = {Autoproduzione},
	author = {Thao, Tran Duc},
	year = {1991}
}

@article{thao_note_1993,
	title = {Note biographique – {La} logique du présent vivant},
	volume = {568},
	journal = {Les Temps Modernes},
	author = {Thao, Tran Duc},
	year = {1993},
	pages = {154--168}
}

@book{thao_les_2004,
	address = {Paris},
	title = {Les compagnons de route de {Hô} {Chi} {Minh}},
	publisher = {Karthala},
	author = {Thao, Trinh Van},
	year = {2004}
}

@incollection{thao_quelques_2013,
	address = {Paris},
	title = {Quelques jalons dans le parcours philosophique de {Tran} {Duc} {Thao}},
	booktitle = {L’itinéraire de {Tran} {Duc} {Thao}. {Phénoménologie} et transfert culturel},
	publisher = {Armand Colin},
	author = {Thao, Trinh Van},
	editor = {Benoist, Jocelyn and Espagne, Michel},
	year = {2013},
	pages = {90--114}
}

@book{saussure_cours_1995,
	address = {Paris},
	title = {Cours de linguistique générale},
	shorttitle = {{CLG}},
	publisher = {Payot},
	author = {Saussure, Ferdinand de},
	year = {1995},
	note = {[= CLG.]}
}

%example entries

@book{LockeHumanUnderstanding,
    author = {John Locke},
    year = {1975 [\textsuperscript{4}1700]},
    title ={An Essay concerning Human Understanding},
    address ={Oxford},
    publisher = {Clarendon Press}
}
